symbol,timestamp,price,volume,bid,ask,kinesis_timestamp,sequence_number
AAPL,2025-12-26T15:12:28.901969,133.84,6833,133.82,133.85,2025-12-26 15:12:29.001000-06:00,49670264113246220113422590907262931005714770711673831426
GOOGL,2025-12-26T15:12:28.961781,142.87,3206,142.86,142.88,2025-12-26 15:12:29.064000-06:00,49670264113246220113422590907264139931534385340848537602
MSFT,2025-12-26T15:12:29.023613,363.59,5007,363.55,363.62,2025-12-26 15:12:29.119000-06:00,49670264113246220113422590907267766708993229297092132866
AMZN,2025-12-26T15:12:29.079677,154.74,2711,154.73,154.76,2025-12-26 15:12:29.178000-06:00,49670264113246220113422590907268975634812843926266839042
JPM,2025-12-26T15:12:29.138542,135.16,1584,135.15,135.17,2025-12-26 15:12:29.232000-06:00,49670264113246220113422590907272602412271687813790957570
AAPL,2025-12-26T15:12:29.191530,132.72,2051,132.7,132.73,2025-12-26 15:12:29.287000-06:00,49670264113246220113422590907273811338091302442965663746
GOOGL,2025-12-26T15:12:29.246385,143.16,8402,143.15,143.17,2025-12-26 15:12:29.341000-06:00,49670264113246220113422590907275020263910917072140369922
MSFT,2025-12-26T15:12:29.300442,361.47,5524,361.43,361.5,2025-12-26 15:12:29.397000-06:00,49670264113246220113422590907277438115550146330489782274
AMZN,2025-12-26T15:12:29.356260,154.62,3262,154.6,154.63,2025-12-26 15:12:29.458000-06:00,49670264113246220113422590907278647041369760959664488450
JPM,2025-12-26T15:12:29.417369,134.91,3348,134.9,134.93,2025-12-26 15:12:29.513000-06:00,49670264113246220113422590907282273818828604847188606978
AAPL,2025-12-26T15:12:29.472139,132.45,4411,132.44,132.47,2025-12-26 15:12:29.567000-06:00,49670264113246220113422590907283482744648219476363313154
GOOGL,2025-12-26T15:12:29.525984,143.06,2493,143.05,143.08,2025-12-26 15:12:29.622000-06:00,49670264113246220113422590907288318447926677993062137858
MSFT,2025-12-26T15:12:29.581981,361.6,2428,361.57,361.64,2025-12-26 15:12:29.683000-06:00,49670264113246220113422590907299198780303209655634493442
AMZN,2025-12-26T15:12:29.642737,153.25,5286,153.24,153.27,2025-12-26 15:12:29.741000-06:00,49670264113246220113422590907301616631942438913983905794
JPM,2025-12-26T15:12:29.699854,134.92,2336,134.9,134.93,2025-12-26 15:12:29.799000-06:00,49670264113246220113422590907302825557762053543158611970
AAPL,2025-12-26T15:12:29.758733,131.44,9123,131.43,131.46,2025-12-26 15:12:29.858000-06:00,49670264113246220113422590907305243409401282801508024322
GOOGL,2025-12-26T15:12:29.820846,142.05,6055,142.04,142.07,2025-12-26 15:12:29.915000-06:00,49670264113246220113422590907308870186860126689032142850
MSFT,2025-12-26T15:12:29.873625,364.02,2263,363.98,364.05,2025-12-26 15:12:29.969000-06:00,49670264113246220113422590907317332667597429093255086082
AMZN,2025-12-26T15:12:29.928492,153.09,5490,153.07,153.1,2025-12-26 15:12:30.024000-06:00,49670264113246220113422590907318541593417043722429792258
JPM,2025-12-26T15:12:29.983336,136.2,1316,136.19,136.22,2025-12-26 15:12:30.079000-06:00,49670264113246220113422590907322168370875887609953910786
AAPL,2025-12-26T15:12:30.039193,131.73,2375,131.71,131.74,2025-12-26 15:12:30.139000-06:00,49670264113246220113422590907324586222515116868303323138
GOOGL,2025-12-26T15:12:30.102179,142.77,7152,142.76,142.79,2025-12-26 15:12:30.200000-06:00,49670264113246220113422590907327004074154346126652735490
MSFT,2025-12-26T15:12:30.158931,362.83,9978,362.79,362.86,2025-12-26 15:12:30.257000-06:00,49670264113246220113422590907337884406530877789225091074
AMZN,2025-12-26T15:12:30.217181,152.08,3002,152.07,152.1,2025-12-26 15:12:30.316000-06:00,49670264113246220113422590907346346887268180193448034306
JPM,2025-12-26T15:12:30.277929,136.59,9875,136.57,136.6,2025-12-26 15:12:30.376000-06:00,49670264113246220113422590907348764738907409451797446658
AAPL,2025-12-26T15:12:30.335760,132.38,4237,132.36,132.39,2025-12-26 15:12:30.432000-06:00,49670264113246220113422590907349973664727024080972152834
GOOGL,2025-12-26T15:12:30.395761,142.4,7600,142.39,142.41,2025-12-26 15:12:30.500000-06:00,49670264113246220113422590907352391516366253339321565186
MSFT,2025-12-26T15:12:30.458644,361.36,4483,361.32,361.39,2025-12-26 15:12:30.554000-06:00,49670264113246220113422590907354809368005482666390454274
AMZN,2025-12-26T15:12:30.513735,150.57,4566,150.56,150.59,2025-12-26 15:12:30.610000-06:00,49670264113246220113422590907357227219644711924739866626
JPM,2025-12-26T15:12:30.569465,137.03,5708,137.02,137.04,2025-12-26 15:12:30.664000-06:00,49670264113246220113422590907358436145464326553914572802
AAPL,2025-12-26T15:12:30.623585,132.86,7868,132.85,132.87,2025-12-26 15:12:30.719000-06:00,49670264113246220113422590907363271848742785070613397506
GOOGL,2025-12-26T15:12:30.679340,142.13,2184,142.11,142.14,2025-12-26 15:12:30.777000-06:00,49670264113246220113422590907364480774562399699788103682
MSFT,2025-12-26T15:12:30.736188,360.12,8827,360.08,360.16,2025-12-26 15:12:30.832000-06:00,49670264113246220113422590907368107552021243587312222210
AMZN,2025-12-26T15:12:30.792176,150.63,5018,150.62,150.65,2025-12-26 15:12:30.886000-06:00,49670264113246220113422590907383823587676233766583402498
JPM,2025-12-26T15:12:30.846058,137.52,7650,137.51,137.53,2025-12-26 15:12:30.948000-06:00,49670264113246220113422590907386241439315463024932814850
AAPL,2025-12-26T15:12:30.908059,132.37,5548,132.36,132.38,2025-12-26 15:12:31.004000-06:00,49670264113246220113422590907388659290954692283282227202
GOOGL,2025-12-26T15:12:30.962924,143.21,1931,143.2,143.23,2025-12-26 15:12:31.059000-06:00,49670264113246220113422590907389868216774306912456933378
MSFT,2025-12-26T15:12:31.018053,359.06,6636,359.03,359.1,2025-12-26 15:12:31.116000-06:00,49670264113246220113422590907393494994233150799981051906
AMZN,2025-12-26T15:12:31.076633,151.68,6237,151.67,151.7,2025-12-26 15:12:31.175000-06:00,49670264113246220113422590907399539623331223945854582786
JPM,2025-12-26T15:12:31.135402,137.14,1988,137.13,137.15,2025-12-26 15:12:31.230000-06:00,49670264113246220113422590907404375326609682462553407490
AAPL,2025-12-26T15:12:31.189398,131.07,4017,131.06,131.08,2025-12-26 15:12:31.287000-06:00,49670264113246220113422590907406793178248911720902819842
GOOGL,2025-12-26T15:12:31.247050,142.62,1597,142.61,142.64,2025-12-26 15:12:31.344000-06:00,49670264113246220113422590907408002104068526350077526018
MSFT,2025-12-26T15:12:31.303047,357.4,9682,357.36,357.43,2025-12-26 15:12:31.401000-06:00,49670264113246220113422590907414046733166599495951056898
AMZN,2025-12-26T15:12:31.360786,150.61,6929,150.6,150.63,2025-12-26 15:12:31.459000-06:00,49670264113246220113422590907415255658986214125125763074
JPM,2025-12-26T15:12:31.418911,137.86,3265,137.84,137.87,2025-12-26 15:12:31.515000-06:00,49670264113246220113422590907420091362264672710544064514
AAPL,2025-12-26T15:12:31.474474,131.74,7356,131.73,131.75,2025-12-26 15:12:31.570000-06:00,49670264113246220113422590907424927065543131227242889218
GOOGL,2025-12-26T15:12:31.529344,143.87,4874,143.86,143.89,2025-12-26 15:12:31.636000-06:00,49670264113246220113422590907427344917182360485592301570
MSFT,2025-12-26T15:12:31.595364,355.22,4049,355.19,355.26,2025-12-26 15:12:31.690000-06:00,49670264113246220113422590907434598472100048260640538626
AMZN,2025-12-26T15:12:31.649577,150.47,3751,150.46,150.49,2025-12-26 15:12:31.750000-06:00,49670264113246220113422590907441852027017736035688775682
JPM,2025-12-26T15:12:31.709553,137.18,4873,137.17,137.19,2025-12-26 15:12:31.807000-06:00,49670264113246220113422590907446687730296194552387600386
AAPL,2025-12-26T15:12:31.765414,130.5,3679,130.49,130.51,2025-12-26 15:12:31.862000-06:00,49670264113246220113422590907450314507755038439911718914
GOOGL,2025-12-26T15:12:31.819519,143.55,4398,143.54,143.56,2025-12-26 15:12:31.922000-06:00,49670264113246220113422590907452732359394267698261131266
MSFT,2025-12-26T15:12:31.882258,353.11,8221,353.07,353.14,2025-12-26 15:12:31.979000-06:00,49670264113246220113422590907462403765951184731658780674
AMZN,2025-12-26T15:12:31.938484,150.17,6159,150.16,150.19,2025-12-26 15:12:32.039000-06:00,49670264113246220113422590907467239469229643248357605378
JPM,2025-12-26T15:12:31.999460,136.7,6958,136.68,136.71,2025-12-26 15:12:32.096000-06:00,49670264113246220113422590907468448395049257877532311554
AAPL,2025-12-26T15:12:32.055317,131.48,1370,131.47,131.49,2025-12-26 15:12:32.151000-06:00,49670264113246220113422590907473284098327716394231136258
GOOGL,2025-12-26T15:12:32.111431,144.05,9723,144.03,144.06,2025-12-26 15:12:32.209000-06:00,49670264113246220113422590907475701949966945652580548610
MSFT,2025-12-26T15:12:32.170876,355.25,5422,355.22,355.29,2025-12-26 15:12:32.263000-06:00,49670264113246220113422590907480537653245404169279373314
AMZN,2025-12-26T15:12:32.222013,151.06,7678,151.04,151.07,2025-12-26 15:12:32.340000-06:00,49670264113246220113422590907491417985621935831851728898
JPM,2025-12-26T15:12:32.298630,137.55,7146,137.53,137.56,2025-12-26 15:12:32.394000-06:00,49670264113246220113422590907495044763080779719375847426
AAPL,2025-12-26T15:12:32.352876,130.47,6535,130.46,130.48,2025-12-26 15:12:32.457000-06:00,49670264113246220113422590907497462614720008977725259778
GOOGL,2025-12-26T15:12:32.416943,144.88,8818,144.87,144.9,2025-12-26 15:12:32.514000-06:00,49670264113246220113422590907498671540539623606899965954
MSFT,2025-12-26T15:12:32.474592,354.79,1084,354.76,354.83,2025-12-26 15:12:32.572000-06:00,49670264113246220113422590907502298317998467494424084482
AMZN,2025-12-26T15:12:32.530695,150.53,5842,150.51,150.54,2025-12-26 15:12:32.627000-06:00,49670264113246220113422590907504716169637696752773496834
JPM,2025-12-26T15:12:32.586746,138.7,7706,138.68,138.71,2025-12-26 15:12:32.686000-06:00,49670264113246220113422590907508342947096540640297615362
AAPL,2025-12-26T15:12:32.645920,131.1,7585,131.09,131.11,2025-12-26 15:12:32.745000-06:00,49670264113246220113422590907510760798735769898647027714
GOOGL,2025-12-26T15:12:32.702937,144.65,9727,144.63,144.66,2025-12-26 15:12:32.797000-06:00,49670264113246220113422590907511969724555384527821733890
MSFT,2025-12-26T15:12:32.756516,355.82,7292,355.79,355.86,2025-12-26 15:12:32.856000-06:00,49670264113246220113422590907513178650374999156996440066
AMZN,2025-12-26T15:12:32.815624,150.91,7518,150.9,150.93,2025-12-26 15:12:32.915000-06:00,49670264113246220113422590907522850056931916190394089474
JPM,2025-12-26T15:12:32.877656,139.44,6012,139.42,139.45,2025-12-26 15:12:32.990000-06:00,49670264113246220113422590907524058982751530957007749122
AAPL,2025-12-26T15:12:32.948209,132.07,9307,132.06,132.09,2025-12-26 15:12:33.045000-06:00,49670264113246220113422590907525267908571145586182455298
GOOGL,2025-12-26T15:12:33.004218,145.76,2861,145.75,145.78,2025-12-26 15:12:33.100000-06:00,49670264113246220113422590907528894686029989473706573826
MSFT,2025-12-26T15:12:33.059018,353.27,6902,353.24,353.31,2025-12-26 15:12:33.157000-06:00,49670264113246220113422590907531312537669218732055986178
AMZN,2025-12-26T15:12:33.116899,150.01,5156,150.0,150.03,2025-12-26 15:12:33.213000-06:00,49670264113246220113422590907533730389308447990405398530
JPM,2025-12-26T15:12:33.173469,140.32,8036,140.3,140.33,2025-12-26 15:12:33.271000-06:00,49670264113246220113422590907547028573324208911327166466
AAPL,2025-12-26T15:12:33.230110,132.47,1938,132.46,132.48,2025-12-26 15:12:33.327000-06:00,49670264113246220113422590907551864276602667428025991170
GOOGL,2025-12-26T15:12:33.287830,144.36,9618,144.35,144.38,2025-12-26 15:12:33.386000-06:00,49670264113246220113422590907556699979881125944724815874
MSFT,2025-12-26T15:12:33.345486,351.76,6193,351.73,351.8,2025-12-26 15:12:33.441000-06:00,49670264113246220113422590907560326757339969832248934402
AMZN,2025-12-26T15:12:33.400384,148.91,9562,148.89,148.92,2025-12-26 15:12:33.536000-06:00,49670264113246220113422590907565162460618428348947759106
JPM,2025-12-26T15:12:33.501376,140.76,5453,140.75,140.78,2025-12-26 15:12:33.598000-06:00,49670264113246220113422590907566371386438042978122465282
AAPL,2025-12-26T15:12:33.558880,132.77,3571,132.75,132.78,2025-12-26 15:12:33.660000-06:00,49670264113246220113422590907568789238077272236471877634
GOOGL,2025-12-26T15:12:33.626033,144.52,5886,144.51,144.54,2025-12-26 15:12:33.722000-06:00,49670264113246220113422590907569998163896886865646583810
MSFT,2025-12-26T15:12:33.681026,348.71,2040,348.68,348.74,2025-12-26 15:12:33.778000-06:00,49670264113246220113422590907572416015536116123995996162
AMZN,2025-12-26T15:12:33.737908,147.49,3966,147.47,147.5,2025-12-26 15:12:33.835000-06:00,49670264113246220113422590907577251718814574640694820866
JPM,2025-12-26T15:12:33.793904,140.5,4081,140.49,140.52,2025-12-26 15:12:33.899000-06:00,49670264113246220113422590907578460644634189269869527042
AAPL,2025-12-26T15:12:33.859600,133.04,4216,133.03,133.06,2025-12-26 15:12:33.958000-06:00,49670264113246220113422590907584505273732262484462534658
GOOGL,2025-12-26T15:12:33.918566,144.97,9453,144.96,144.98,2025-12-26 15:12:34.016000-06:00,49670264113246220113422590907585714199551877113637240834
MSFT,2025-12-26T15:12:33.976040,350.68,1858,350.64,350.71,2025-12-26 15:12:34.076000-06:00,49670264113246220113422590907589340977010721001161359362
AMZN,2025-12-26T15:12:34.034612,146.51,8733,146.49,146.52,2025-12-26 15:12:34.131000-06:00,49670264113246220113422590907591758828649950259510771714
JPM,2025-12-26T15:12:34.090608,141.63,1506,141.62,141.65,2025-12-26 15:12:34.192000-06:00,49670264113246220113422590907594176680289179517860184066
AAPL,2025-12-26T15:12:34.150114,132.01,6830,132.0,132.02,2025-12-26 15:12:34.249000-06:00,49670264113246220113422590907595385606108794147034890242
GOOGL,2025-12-26T15:12:34.208119,145.9,9957,145.88,145.91,2025-12-26 15:12:34.303000-06:00,49670264113246220113422590907596594531928408776209596418
MSFT,2025-12-26T15:12:34.263058,349.13,2572,349.09,349.16,2025-12-26 15:12:34.359000-06:00,49670264113246220113422590907597803457748023405384302594
AMZN,2025-12-26T15:12:34.318651,146.39,4093,146.38,146.41,2025-12-26 15:12:34.413000-06:00,49670264113246220113422590907599012383567638034559008770
JPM,2025-12-26T15:12:34.371483,141.56,6738,141.54,141.57,2025-12-26 15:12:34.468000-06:00,49670264113246220113422590907600221309387252663733714946
AAPL,2025-12-26T15:12:34.427527,132.7,6735,132.69,132.71,2025-12-26 15:12:34.525000-06:00,49670264113246220113422590907602639161026481922083127298
GOOGL,2025-12-26T15:12:34.484185,146.61,6447,146.6,146.63,2025-12-26 15:12:34.580000-06:00,49670264113246220113422590907607474864304940438781952002
MSFT,2025-12-26T15:12:34.539066,351.85,3856,351.81,351.88,2025-12-26 15:12:34.635000-06:00,49670264113246220113422590907609892715944169697131364354
AMZN,2025-12-26T15:12:34.593950,146.86,2538,146.85,146.87,2025-12-26 15:12:34.693000-06:00,49670264113246220113422590907613519493403013584655482882
JPM,2025-12-26T15:12:34.651957,140.92,3718,140.91,140.94,2025-12-26 15:12:34.747000-06:00,49670264113246220113422590907614728419222628213830189058
AAPL,2025-12-26T15:12:34.708951,132.87,3157,132.86,132.88,2025-12-26 15:12:34.809000-06:00,49670264113246220113422590907615937345042242843004895234
GOOGL,2025-12-26T15:12:34.768058,145.69,3098,145.67,145.7,2025-12-26 15:12:34.864000-06:00,49670264113246220113422590907618355196681472101354307586
MSFT,2025-12-26T15:12:34.823354,354.17,7402,354.14,354.21,2025-12-26 15:12:34.919000-06:00,49670264113246220113422590907620773048320701359703719938
AMZN,2025-12-26T15:12:34.877834,146.69,6203,146.68,146.71,2025-12-26 15:12:34.971000-06:00,49670264113246220113422590907638906935614920797324312578
JPM,2025-12-26T15:12:34.930846,140.1,1120,140.09,140.12,2025-12-26 15:12:35.033000-06:00,49670264113246220113422590907641324787254150055673724930
AAPL,2025-12-26T15:12:34.992436,133.02,9844,133.01,133.03,2025-12-26 15:12:35.097000-06:00,49670264113246220113422590907642533713073764684848431106
GOOGL,2025-12-26T15:12:35.056229,145.04,6994,145.02,145.05,2025-12-26 15:12:35.153000-06:00,49670264113246220113422590907649787267991452459896668162
MSFT,2025-12-26T15:12:35.113093,352.27,5856,352.24,352.31,2025-12-26 15:12:35.210000-06:00,49670264113246220113422590907652205119630681718246080514
AMZN,2025-12-26T15:12:35.169944,147.38,9810,147.36,147.39,2025-12-26 15:12:35.268000-06:00,49670264113246220113422590907653414045450296347420786690
JPM,2025-12-26T15:12:35.226936,138.92,7503,138.91,138.94,2025-12-26 15:12:35.325000-06:00,49670264113246220113422590907654622971269910976595492866
AAPL,2025-12-26T15:12:35.283809,131.92,8065,131.9,131.93,2025-12-26 15:12:35.381000-06:00,49670264113246220113422590907655831897089525605770199042
GOOGL,2025-12-26T15:12:35.339644,144.76,2219,144.75,144.78,2025-12-26 15:12:35.436000-06:00,49670264113246220113422590907657040822909140303664381954
MSFT,2025-12-26T15:12:35.394538,353.4,2563,353.36,353.43,2025-12-26 15:12:35.487000-06:00,49670264113246220113422590907660667600367984191188500482
AMZN,2025-12-26T15:12:35.446449,147.52,2013,147.51,147.54,2025-12-26 15:12:35.541000-06:00,49670264113246220113422590907663085452007213449537912834
JPM,2025-12-26T15:12:35.500609,137.61,1790,137.6,137.62,2025-12-26 15:12:35.599000-06:00,49670264113246220113422590907665503303646442707887325186
AAPL,2025-12-26T15:12:35.559549,131.15,5127,131.14,131.16,2025-12-26 15:12:35.660000-06:00,49670264113246220113422590907667921155285671966236737538
GOOGL,2025-12-26T15:12:35.619099,143.73,8065,143.71,143.74,2025-12-26 15:12:35.714000-06:00,49670264113246220113422590907671547932744515853760856066
MSFT,2025-12-26T15:12:35.671920,353.13,6514,353.09,353.16,2025-12-26 15:12:35.768000-06:00,49670264113246220113422590907672756858564130482935562242
AMZN,2025-12-26T15:12:35.726985,147.12,8146,147.1,147.13,2025-12-26 15:12:35.826000-06:00,49670264113246220113422590907680010413481818257983799298
JPM,2025-12-26T15:12:35.785681,137.66,3880,137.64,137.67,2025-12-26 15:12:35.883000-06:00,49670264113246220113422590907682428265121047516333211650
AAPL,2025-12-26T15:12:35.873902,131.73,9656,131.72,131.74,2025-12-26 15:12:35.968000-06:00,49670264113246220113422590907683637190940662145507917826
GOOGL,2025-12-26T15:12:35.926938,144.7,2587,144.69,144.72,2025-12-26 15:12:36.026000-06:00,49670264113246220113422590907686055042579891403857330178
MSFT,2025-12-26T15:12:35.984606,352.22,1433,352.18,352.25,2025-12-26 15:12:36.084000-06:00,49670264113246220113422590907688472894219120662206742530
AMZN,2025-12-26T15:12:36.043503,145.9,3384,145.89,145.91,2025-12-26 15:12:36.141000-06:00,49670264113246220113422590907689681820038735291381448706
JPM,2025-12-26T15:12:36.099457,138.24,7131,138.23,138.26,2025-12-26 15:12:36.199000-06:00,49670264113246220113422590907690890745858349920556154882
AAPL,2025-12-26T15:12:36.157346,130.56,9380,130.55,130.58,2025-12-26 15:12:36.255000-06:00,49670264113246220113422590907698144300776037695604391938
GOOGL,2025-12-26T15:12:36.213359,145.54,5765,145.52,145.55,2025-12-26 15:12:36.311000-06:00,49670264113246220113422590907699353226595652324779098114
MSFT,2025-12-26T15:12:36.270117,352.81,1750,352.77,352.84,2025-12-26 15:12:36.367000-06:00,49670264113246220113422590907700562152415266953953804290
AMZN,2025-12-26T15:12:36.326100,144.47,8475,144.45,144.48,2025-12-26 15:12:36.423000-06:00,49670264113246220113422590907702980004054496349742170114
JPM,2025-12-26T15:12:36.382109,137.1,7643,137.09,137.12,2025-12-26 15:12:36.479000-06:00,49670264113246220113422590907704188929874110978916876290
AAPL,2025-12-26T15:12:36.438136,129.36,3026,129.35,129.37,2025-12-26 15:12:36.538000-06:00,49670264113246220113422590907705397855693725608091582466
GOOGL,2025-12-26T15:12:36.496427,146.98,3192,146.97,147.0,2025-12-26 15:12:36.592000-06:00,49670264113246220113422590907706606781513340237266288642
MSFT,2025-12-26T15:12:36.551271,353.31,3174,353.28,353.35,2025-12-26 15:12:36.651000-06:00,49670264113246220113422590907707815707332954866440994818
AMZN,2025-12-26T15:12:36.610414,145.23,7541,145.22,145.25,2025-12-26 15:12:36.706000-06:00,49670264113246220113422590907709024633152569495615700994
JPM,2025-12-26T15:12:36.665061,137.83,1480,137.81,137.84,2025-12-26 15:12:36.764000-06:00,49670264113246220113422590907711442484791798753965113346
AAPL,2025-12-26T15:12:36.725384,129.76,4453,129.74,129.77,2025-12-26 15:12:36.820000-06:00,49670264113246220113422590907716278188070257270663938050
GOOGL,2025-12-26T15:12:36.780439,147.19,6303,147.18,147.21,2025-12-26 15:12:36.878000-06:00,49670264113246220113422590907719904965529101158188056578
MSFT,2025-12-26T15:12:36.837700,350.82,9207,350.78,350.85,2025-12-26 15:12:36.934000-06:00,49670264113246220113422590907721113891348715787362762754
AMZN,2025-12-26T15:12:36.893732,145.09,4174,145.08,145.1,2025-12-26 15:12:36.992000-06:00,49670264113246220113422590907722322817168330416537468930
JPM,2025-12-26T15:12:36.951434,137.97,4990,137.95,137.98,2025-12-26 15:12:37.044000-06:00,49670264113246220113422590907724740668807559674886881282
AAPL,2025-12-26T15:12:37.003337,130.03,4142,130.01,130.04,2025-12-26 15:12:37.099000-06:00,49670264113246220113422590907725949594627174304061587458
GOOGL,2025-12-26T15:12:37.059017,145.86,7087,145.85,145.88,2025-12-26 15:12:37.157000-06:00,49670264113246220113422590907727158520446788933236293634
MSFT,2025-12-26T15:12:37.117017,352.04,5934,352.01,352.08,2025-12-26 15:12:37.214000-06:00,49670264113246220113422590907735621001184091337459236866
AMZN,2025-12-26T15:12:37.175585,146.22,5594,146.21,146.24,2025-12-26 15:12:37.272000-06:00,49670264113246220113422590907736829927003705966633943042
JPM,2025-12-26T15:12:37.230696,137.09,7731,137.08,137.1,2025-12-26 15:12:37.328000-06:00,49670264113246220113422590907753754888478310775079829506
AAPL,2025-12-26T15:12:37.288775,129.92,9102,129.91,129.93,2025-12-26 15:12:37.386000-06:00,49670264113246220113422590907762217369215613179302772738
GOOGL,2025-12-26T15:12:37.344397,144.61,5609,144.59,144.62,2025-12-26 15:12:37.446000-06:00,49670264113246220113422590907767053072494071696001597442
MSFT,2025-12-26T15:12:37.406068,351.39,9720,351.36,351.43,2025-12-26 15:12:37.503000-06:00,49670264113246220113422590907771888775772530212700422146
AMZN,2025-12-26T15:12:37.463350,145.07,2230,145.05,145.08,2025-12-26 15:12:37.560000-06:00,49670264113246220113422590907775515553231374100224540674
JPM,2025-12-26T15:12:37.521141,136.82,4574,136.8,136.83,2025-12-26 15:12:37.623000-06:00,49670264113246220113422590907776724479050988729399246850
AAPL,2025-12-26T15:12:37.582450,128.79,6597,128.78,128.8,2025-12-26 15:12:37.681000-06:00,49670264113246220113422590907779142330690217987748659202
GOOGL,2025-12-26T15:12:37.641207,146.02,5297,146.0,146.03,2025-12-26 15:12:37.738000-06:00,49670264113246220113422590907780351256509832616923365378
MSFT,2025-12-26T15:12:37.698369,352.07,8798,352.03,352.1,2025-12-26 15:12:37.798000-06:00,49670264113246220113422590907782769108149061875272777730
AMZN,2025-12-26T15:12:37.757692,146.11,8528,146.09,146.12,2025-12-26 15:12:37.858000-06:00,49670264113246220113422590907783978033968676573166960642
JPM,2025-12-26T15:12:37.820506,136.4,4010,136.39,136.42,2025-12-26 15:12:37.916000-06:00,49670264113246220113422590907794858366345208235739316226
AAPL,2025-12-26T15:12:37.876136,128.88,9755,128.87,128.89,2025-12-26 15:12:37.973000-06:00,49670264113246220113422590907797276217984437494088728578
GOOGL,2025-12-26T15:12:37.931707,145.07,3590,145.06,145.09,2025-12-26 15:12:38.030000-06:00,49670264113246220113422590907800902995443281381612847106
MSFT,2025-12-26T15:12:37.990979,354.83,4042,354.79,354.86,2025-12-26 15:12:38.087000-06:00,49670264113246220113422590907803320847082510639962259458
AMZN,2025-12-26T15:12:38.048371,144.94,1951,144.92,144.95,2025-12-26 15:12:38.145000-06:00,49670264113246220113422590907806947624541354527486377986
JPM,2025-12-26T15:12:38.103697,136.14,6572,136.13,136.16,2025-12-26 15:12:38.198000-06:00,49670264113246220113422590907808156550360969156661084162
AAPL,2025-12-26T15:12:38.160027,128.05,6460,128.04,128.06,2025-12-26 15:12:38.278000-06:00,49670264113246220113422590907810574402000198415010496514
GOOGL,2025-12-26T15:12:38.243887,145.98,6972,145.97,146.0,2025-12-26 15:12:38.347000-06:00,49670264113246220113422590907811783327819813044185202690
MSFT,2025-12-26T15:12:38.306364,353.22,5571,353.19,353.26,2025-12-26 15:12:38.410000-06:00,49670264113246220113422590907816619031098271560884027394
AMZN,2025-12-26T15:12:38.369336,144.14,8800,144.13,144.16,2025-12-26 15:12:38.470000-06:00,49670264113246220113422590907819036882737500819233439746
JPM,2025-12-26T15:12:38.429446,135.51,2857,135.49,135.52,2025-12-26 15:12:38.527000-06:00,49670264113246220113422590907820245808557115448408145922
AAPL,2025-12-26T15:12:38.486144,128.06,2181,128.05,128.07,2025-12-26 15:12:38.582000-06:00,49670264113246220113422590907822663660196344706757558274
GOOGL,2025-12-26T15:12:38.541310,147.33,4662,147.32,147.35,2025-12-26 15:12:38.642000-06:00,49670264113246220113422590907831126140933647110980501506
MSFT,2025-12-26T15:12:38.602326,350.2,3100,350.16,350.23,2025-12-26 15:12:38.700000-06:00,49670264113246220113422590907832335066753261740155207682
AMZN,2025-12-26T15:12:38.659252,143.18,1920,143.17,143.2,2025-12-26 15:12:38.759000-06:00,49670264113246220113422590907844424324949408031902269442
JPM,2025-12-26T15:12:38.719136,136.85,4017,136.84,136.86,2025-12-26 15:12:38.813000-06:00,49670264113246220113422590907845633250769022661076975618
AAPL,2025-12-26T15:12:38.773063,127.52,5060,127.5,127.53,2025-12-26 15:12:38.870000-06:00,49670264113246220113422590907848051102408251919426387970
GOOGL,2025-12-26T15:12:38.830632,147.63,3543,147.62,147.65,2025-12-26 15:12:38.931000-06:00,49670264113246220113422590907861349286424012840348155906
MSFT,2025-12-26T15:12:38.891839,352.52,5605,352.48,352.56,2025-12-26 15:12:38.991000-06:00,49670264113246220113422590907864976063882856727872274434
AMZN,2025-12-26T15:12:38.950669,144.5,4624,144.48,144.51,2025-12-26 15:12:39.049000-06:00,49670264113246220113422590907868602841341700615396392962
JPM,2025-12-26T15:12:39.011368,137.16,2288,137.15,137.18,2025-12-26 15:12:39.110000-06:00,49670264113246220113422590907872229618800544502920511490
AAPL,2025-12-26T15:12:39.068750,128.28,8449,128.27,128.29,2025-12-26 15:12:39.170000-06:00,49670264113246220113422590907873438544620159132095217666
GOOGL,2025-12-26T15:12:39.127977,149.0,6608,148.98,149.01,2025-12-26 15:12:39.226000-06:00,49670264113246220113422590907877065322079003019619336194
MSFT,2025-12-26T15:12:39.184556,350.5,3442,350.47,350.54,2025-12-26 15:12:39.280000-06:00,49670264113246220113422590907878274247898617648794042370
AMZN,2025-12-26T15:12:39.238990,145.78,4225,145.77,145.8,2025-12-26 15:12:39.332000-06:00,49670264113246220113422590907879483173718232346688225282
JPM,2025-12-26T15:12:39.302462,135.93,4121,135.92,135.94,2025-12-26 15:12:39.403000-06:00,49670264113246220113422590907886736728635920121736462338
AAPL,2025-12-26T15:12:39.362244,127.67,9947,127.66,127.68,2025-12-26 15:12:39.457000-06:00,49670264113246220113422590907889154580275149380085874690
GOOGL,2025-12-26T15:12:39.415141,149.23,7606,149.22,149.25,2025-12-26 15:12:39.514000-06:00,49670264113246220113422590907895199209373222525959405570
MSFT,2025-12-26T15:12:39.474325,348.71,7102,348.68,348.75,2025-12-26 15:12:39.571000-06:00,49670264113246220113422590907896408135192837155134111746
AMZN,2025-12-26T15:12:39.532278,146.08,2363,146.06,146.09,2025-12-26 15:12:39.629000-06:00,49670264113246220113422590907901243838471295671832936450
JPM,2025-12-26T15:12:39.587994,136.07,8980,136.06,136.09,2025-12-26 15:12:39.684000-06:00,49670264113246220113422590907902452764290910301007642626
AAPL,2025-12-26T15:12:39.644619,126.9,1133,126.88,126.91,2025-12-26 15:12:39.738000-06:00,49670264113246220113422590907906079541749754188531761154
GOOGL,2025-12-26T15:12:39.699898,148.97,7962,148.95,148.98,2025-12-26 15:12:39.797000-06:00,49670264113246220113422590907912124170847827334405292034
MSFT,2025-12-26T15:12:39.758865,351.94,2358,351.9,351.97,2025-12-26 15:12:39.856000-06:00,49670264113246220113422590907913333096667441963579998210
AMZN,2025-12-26T15:12:39.816862,147.38,9724,147.37,147.4,2025-12-26 15:12:39.913000-06:00,49670264113246220113422590907915750948306671221929410562
JPM,2025-12-26T15:12:39.871675,137.34,1597,137.33,137.35,2025-12-26 15:12:39.969000-06:00,49670264113246220113422590907918168799945900480278822914
AAPL,2025-12-26T15:12:39.926819,127.03,2978,127.01,127.04,2025-12-26 15:12:40.023000-06:00,49670264113246220113422590907925422354863588255327059970
GOOGL,2025-12-26T15:12:39.981531,148.45,2887,148.43,148.46,2025-12-26 15:12:40.079000-06:00,49670264113246220113422590907931466983961661401200590850
MSFT,2025-12-26T15:12:40.039422,349.08,3929,349.05,349.12,2025-12-26 15:12:40.135000-06:00,49670264113246220113422590907933884835600890659550003202
AMZN,2025-12-26T15:12:40.094575,148.83,9992,148.81,148.84,2025-12-26 15:12:40.191000-06:00,49670264113246220113422590907935093761420505288724709378
JPM,2025-12-26T15:12:40.150211,137.88,5345,137.86,137.89,2025-12-26 15:12:40.245000-06:00,49670264113246220113422590907945974093797036951297064962
AAPL,2025-12-26T15:12:40.205393,127.78,1290,127.77,127.79,2025-12-26 15:12:40.302000-06:00,49670264113246220113422590907953227648714724726345302018
GOOGL,2025-12-26T15:12:40.264195,148.23,7145,148.22,148.25,2025-12-26 15:12:40.361000-06:00,49670264113246220113422590907956854426173568613869420546
MSFT,2025-12-26T15:12:40.319231,348.64,2084,348.6,348.67,2025-12-26 15:12:40.416000-06:00,49670264113246220113422590907958063351993183243044126722
AMZN,2025-12-26T15:12:40.377715,147.37,8252,147.35,147.38,2025-12-26 15:12:40.480000-06:00,49670264113246220113422590907960481203632412501393539074
JPM,2025-12-26T15:12:40.440521,137.45,8190,137.44,137.46,2025-12-26 15:12:40.538000-06:00,49670264113246220113422590907964107981091256388917657602
AAPL,2025-12-26T15:12:40.497541,128.83,8977,128.82,128.85,2025-12-26 15:12:40.595000-06:00,49670264113246220113422590907966525832730485647267069954
GOOGL,2025-12-26T15:12:40.556300,148.93,3599,148.92,148.95,2025-12-26 15:12:40.655000-06:00,49670264113246220113422590907968943684369714905616482306
MSFT,2025-12-26T15:12:40.614279,349.88,8527,349.84,349.91,2025-12-26 15:12:40.710000-06:00,49670264113246220113422590907974988313467788051490013186
AMZN,2025-12-26T15:12:40.668579,146.39,3019,146.37,146.4,2025-12-26 15:12:40.764000-06:00,49670264113246220113422590907977406165107017378558902274
JPM,2025-12-26T15:12:40.723938,136.3,2230,136.29,136.32,2025-12-26 15:12:40.827000-06:00,49670264113246220113422590907979824016746246636908314626
AAPL,2025-12-26T15:12:40.786592,129.61,4946,129.6,129.63,2025-12-26 15:12:40.884000-06:00,49670264113246220113422590907983450794205090524432433154
GOOGL,2025-12-26T15:12:40.846217,148.91,6917,148.9,148.93,2025-12-26 15:12:40.949000-06:00,49670264113246220113422590907984659720024705153607139330
MSFT,2025-12-26T15:12:40.909812,347.63,6876,347.59,347.66,2025-12-26 15:12:41.007000-06:00,49670264113246220113422590907987077571663934411956551682
AMZN,2025-12-26T15:12:40.966747,146.85,5710,146.83,146.86,2025-12-26 15:12:41.066000-06:00,49670264113246220113422590907988286497483549041131257858
JPM,2025-12-26T15:12:41.024936,137.17,8371,137.15,137.18,2025-12-26 15:12:41.120000-06:00,49670264113246220113422590907990704349122778299480670210
AAPL,2025-12-26T15:12:41.079014,129.28,9551,129.26,129.29,2025-12-26 15:12:41.176000-06:00,49670264113246220113422590907991913274942392928655376386
GOOGL,2025-12-26T15:12:41.135532,148.67,9203,148.65,148.68,2025-12-26 15:12:41.232000-06:00,49670264113246220113422590907997957904040466074528907266
MSFT,2025-12-26T15:12:41.192085,350.46,9851,350.43,350.5,2025-12-26 15:12:41.290000-06:00,49670264113246220113422590908001584681499309962053025794
AMZN,2025-12-26T15:12:41.248433,146.64,9889,146.62,146.65,2025-12-26 15:12:41.344000-06:00,49670264113246220113422590908002793607318924591227731970
JPM,2025-12-26T15:12:41.302577,138.19,7883,138.17,138.2,2025-12-26 15:12:41.400000-06:00,49670264113246220113422590908004002533138539220402438146
AAPL,2025-12-26T15:12:41.360180,130.2,5922,130.19,130.22,2025-12-26 15:12:41.455000-06:00,49670264113246220113422590908006420384777768478751850498
GOOGL,2025-12-26T15:12:41.413454,148.29,4706,148.28,148.31,2025-12-26 15:12:41.509000-06:00,49670264113246220113422590908008838236416997737101262850
MSFT,2025-12-26T15:12:41.468153,350.28,7542,350.24,350.31,2025-12-26 15:12:41.564000-06:00,49670264113246220113422590908010047162236612366275969026
AMZN,2025-12-26T15:12:41.522390,145.58,4626,145.57,145.6,2025-12-26 15:12:41.619000-06:00,49670264113246220113422590908011256088056226995450675202
JPM,2025-12-26T15:12:41.578977,137.51,2792,137.5,137.53,2025-12-26 15:12:41.677000-06:00,49670264113246220113422590908029389975350446433071267842
AAPL,2025-12-26T15:12:41.637690,130.25,9189,130.24,130.26,2025-12-26 15:12:41.731000-06:00,49670264113246220113422590908030598901170061199684927490
GOOGL,2025-12-26T15:12:41.691492,147.38,1869,147.36,147.39,2025-12-26 15:12:41.790000-06:00,49670264113246220113422590908034225678628905087209046018
MSFT,2025-12-26T15:12:41.749050,352.17,4153,352.14,352.21,2025-12-26 15:12:41.850000-06:00,49670264113246220113422590908035434604448519716383752194
AMZN,2025-12-26T15:12:41.809264,146.0,5022,145.99,146.02,2025-12-26 15:12:41.910000-06:00,49670264113246220113422590908037852456087748974733164546
JPM,2025-12-26T15:12:41.868885,138.4,5060,138.39,138.42,2025-12-26 15:12:41.964000-06:00,49670264113246220113422590908039061381907363603907870722
AAPL,2025-12-26T15:12:41.924907,131.53,5772,131.52,131.55,2025-12-26 15:12:42.020000-06:00,49670264113246220113422590908043897085185822120606695426
GOOGL,2025-12-26T15:12:41.980705,146.61,4800,146.6,146.63,2025-12-26 15:12:42.077000-06:00,49670264113246220113422590908047523862644666008130813954
MSFT,2025-12-26T15:12:42.036044,354.31,5466,354.28,354.35,2025-12-26 15:12:42.131000-06:00,49670264113246220113422590908051150640103509895654932482
AMZN,2025-12-26T15:12:42.091097,146.56,1567,146.54,146.57,2025-12-26 15:12:42.186000-06:00,49670264113246220113422590908053568491742739154004344834
JPM,2025-12-26T15:12:42.145203,137.02,7187,137.01,137.04,2025-12-26 15:12:42.245000-06:00,49670264113246220113422590908071702379036958591624937474
AAPL,2025-12-26T15:12:42.204057,130.3,3499,130.28,130.31,2025-12-26 15:12:42.303000-06:00,49670264113246220113422590908072911304856573220799643650
GOOGL,2025-12-26T15:12:42.262157,146.27,5196,146.26,146.29,2025-12-26 15:12:42.357000-06:00,49670264113246220113422590908074120230676187849974349826
MSFT,2025-12-26T15:12:42.317910,355.96,2939,355.92,356.0,2025-12-26 15:12:42.416000-06:00,49670264113246220113422590908075329156495802479149056002
AMZN,2025-12-26T15:12:42.376638,145.74,3490,145.73,145.76,2025-12-26 15:12:42.471000-06:00,49670264113246220113422590908078955933954646366673174530
JPM,2025-12-26T15:12:42.430243,136.15,2341,136.14,136.16,2025-12-26 15:12:42.528000-06:00,49670264113246220113422590908081373785593875625022586882
AAPL,2025-12-26T15:12:42.487938,129.54,1527,129.53,129.56,2025-12-26 15:12:42.583000-06:00,49670264113246220113422590908082582711413490254197293058
GOOGL,2025-12-26T15:12:42.541577,147.72,3134,147.71,147.74,2025-12-26 15:12:42.639000-06:00,49670264113246220113422590908085000563052719512546705410
MSFT,2025-12-26T15:12:42.598911,355.46,9879,355.43,355.5,2025-12-26 15:12:42.693000-06:00,49670264113246220113422590908086209488872334141721411586
AMZN,2025-12-26T15:12:42.652868,145.54,3447,145.52,145.55,2025-12-26 15:12:42.747000-06:00,49670264113246220113422590908087418414691948770896117762
JPM,2025-12-26T15:12:42.707282,136.73,8133,136.72,136.75,2025-12-26 15:12:42.853000-06:00,49670264113246220113422590908089836266331178029245530114
AAPL,2025-12-26T15:12:42.811152,129.19,5522,129.18,129.2,2025-12-26 15:12:42.913000-06:00,49670264113246220113422590908095880895429251175119060994
GOOGL,2025-12-26T15:12:42.871695,148.1,5293,148.08,148.11,2025-12-26 15:12:42.968000-06:00,49670264113246220113422590908097089821248865804293767170
MSFT,2025-12-26T15:12:42.928923,357.79,6685,357.75,357.82,2025-12-26 15:12:43.027000-06:00,49670264113246220113422590908100716598707709691817885698
AMZN,2025-12-26T15:12:42.985862,146.23,5617,146.21,146.24,2025-12-26 15:12:43.082000-06:00,49670264113246220113422590908101925524527324320992591874
JPM,2025-12-26T15:12:43.041657,136.58,3629,136.57,136.6,2025-12-26 15:12:43.137000-06:00,49670264113246220113422590908110388005264626725215535106
AAPL,2025-12-26T15:12:43.097236,128.75,7864,128.74,128.77,2025-12-26 15:12:43.340000-06:00,49670264113246220113422590908117641560182314568983248898
GOOGL,2025-12-26T15:12:43.307113,148.01,5887,147.99,148.02,2025-12-26 15:12:43.403000-06:00,49670264113246220113422590908118850486001929198157955074
MSFT,2025-12-26T15:12:43.363136,355.43,1167,355.39,355.46,2025-12-26 15:12:43.460000-06:00,49670264113246220113422590908120059411821543827332661250
AMZN,2025-12-26T15:12:43.419204,147.09,4153,147.08,147.11,2025-12-26 15:12:43.516000-06:00,49670264113246220113422590908122477263460773085682073602
JPM,2025-12-26T15:12:43.473768,136.44,8340,136.43,136.45,2025-12-26 15:12:43.570000-06:00,49670264113246220113422590908124895115100002344031485954
AAPL,2025-12-26T15:12:43.528758,129.06,4135,129.05,129.08,2025-12-26 15:12:43.627000-06:00,49670264113246220113422590908127312966739231602380898306
GOOGL,2025-12-26T15:12:43.585337,147.19,4450,147.17,147.2,2025-12-26 15:12:43.683000-06:00,49670264113246220113422590908129730818378460860730310658
MSFT,2025-12-26T15:12:43.642339,352.06,5121,352.02,352.09,2025-12-26 15:12:43.738000-06:00,49670264113246220113422590908132148670017690119079723010
AMZN,2025-12-26T15:12:43.698096,147.41,1960,147.4,147.42,2025-12-26 15:12:43.794000-06:00,49670264113246220113422590908134566521656919377429135362
JPM,2025-12-26T15:12:43.752699,135.99,1342,135.98,136.01,2025-12-26 15:12:43.849000-06:00,49670264113246220113422590908138193299115763264953253890
AAPL,2025-12-26T15:12:43.807613,129.29,2636,129.27,129.3,2025-12-26 15:12:43.903000-06:00,49670264113246220113422590908140611150754992523302666242
GOOGL,2025-12-26T15:12:43.862843,148.62,3394,148.6,148.63,2025-12-26 15:12:43.963000-06:00,49670264113246220113422590908141820076574607152477372418
MSFT,2025-12-26T15:12:43.923145,351.96,7409,351.92,351.99,2025-12-26 15:12:44.055000-06:00,49670264113246220113422590908145446854033451040001490946
AMZN,2025-12-26T15:12:44.013387,148.79,4934,148.78,148.81,2025-12-26 15:12:44.110000-06:00,49670264113246220113422590908149073631492294927525609474
JPM,2025-12-26T15:12:44.070169,136.71,3725,136.7,136.72,2025-12-26 15:12:44.170000-06:00,49670264113246220113422590908151491483131524185875021826
AAPL,2025-12-26T15:12:44.130195,130.27,6729,130.26,130.29,2025-12-26 15:12:44.227000-06:00,49670264113246220113422590908153909334770753512943910914
GOOGL,2025-12-26T15:12:44.186595,149.51,3735,149.49,149.52,2025-12-26 15:12:44.283000-06:00,49670264113246220113422590908155118260590368142118617090
MSFT,2025-12-26T15:12:44.242139,355.1,3399,355.07,355.14,2025-12-26 15:12:44.338000-06:00,49670264113246220113422590908162371815508055917166854146
AMZN,2025-12-26T15:12:44.297973,148.29,4266,148.27,148.3,2025-12-26 15:12:44.394000-06:00,49670264113246220113422590908167207518786514433865678850
JPM,2025-12-26T15:12:44.353650,136.44,1051,136.43,136.46,2025-12-26 15:12:44.449000-06:00,49670264113246220113422590908172043222064972950564503554
AAPL,2025-12-26T15:12:44.408306,130.93,2793,130.92,130.95,2025-12-26 15:12:44.503000-06:00,49670264113246220113422590908174461073704202208913915906
GOOGL,2025-12-26T15:12:44.464859,149.79,7812,149.78,149.81,2025-12-26 15:12:44.563000-06:00,49670264113246220113422590908176878925343431467263328258
MSFT,2025-12-26T15:12:44.521334,357.92,9128,357.88,357.95,2025-12-26 15:12:44.618000-06:00,49670264113246220113422590908180505702802275354787446786
AMZN,2025-12-26T15:12:44.576775,146.97,8516,146.95,146.98,2025-12-26 15:12:44.674000-06:00,49670264113246220113422590908181714628621889983962152962
JPM,2025-12-26T15:12:44.632696,137.14,4862,137.12,137.15,2025-12-26 15:12:44.728000-06:00,49670264113246220113422590908185341406080733871486271490
AAPL,2025-12-26T15:12:44.687170,131.72,9988,131.7,131.73,2025-12-26 15:12:44.783000-06:00,49670264113246220113422590908188968183539577759010390018
GOOGL,2025-12-26T15:12:44.743287,149.31,7597,149.3,149.32,2025-12-26 15:12:44.838000-06:00,49670264113246220113422590908190177109359192388185096194
MSFT,2025-12-26T15:12:44.796809,356.23,5487,356.2,356.27,2025-12-26 15:12:44.894000-06:00,49670264113246220113422590908192594960998421646534508546
AMZN,2025-12-26T15:12:44.852825,146.68,5223,146.67,146.7,2025-12-26 15:12:44.947000-06:00,49670264113246220113422590908193803886818036275709214722
JPM,2025-12-26T15:12:44.906583,137.65,6936,137.63,137.66,2025-12-26 15:12:45.001000-06:00,49670264113246220113422590908195012812637650904883920898
AAPL,2025-12-26T15:12:44.960580,130.59,7431,130.57,130.6,2025-12-26 15:12:45.059000-06:00,49670264113246220113422590908196221738457265534058627074
GOOGL,2025-12-26T15:12:45.018334,150.1,7451,150.09,150.12,2025-12-26 15:12:45.110000-06:00,49670264113246220113422590908197430664276880163233333250
MSFT,2025-12-26T15:12:45.067434,359.01,5921,358.97,359.05,2025-12-26 15:12:45.167000-06:00,49670264113246220113422590908202266367555338679932157954
AMZN,2025-12-26T15:12:45.126072,147.87,4675,147.85,147.88,2025-12-26 15:12:45.223000-06:00,49670264113246220113422590908209519922473026454980395010
JPM,2025-12-26T15:12:45.181318,138.69,4298,138.68,138.71,2025-12-26 15:12:45.280000-06:00,49670264113246220113422590908213146699931870342504513538
AAPL,2025-12-26T15:12:45.250043,130.66,3425,130.65,130.67,2025-12-26 15:12:45.348000-06:00,49670264113246220113422590908216773477390714230028632066
GOOGL,2025-12-26T15:12:45.306056,151.0,8699,150.99,151.02,2025-12-26 15:12:45.403000-06:00,49670264113246220113422590908217982403210328859203338242
MSFT,2025-12-26T15:12:45.362048,356.45,4429,356.42,356.49,2025-12-26 15:12:45.459000-06:00,49670264113246220113422590908220400254849558117552750594
AMZN,2025-12-26T15:12:45.417499,148.17,8433,148.15,148.18,2025-12-26 15:12:45.512000-06:00,49670264113246220113422590908225235958128016634251575298
JPM,2025-12-26T15:12:45.470799,139.36,1550,139.35,139.38,2025-12-26 15:12:45.566000-06:00,49670264113246220113422590908227653809767245892600987650
AAPL,2025-12-26T15:12:45.524915,130.33,5259,130.32,130.34,2025-12-26 15:12:45.623000-06:00,49670264113246220113422590908228862735586860521775693826
GOOGL,2025-12-26T15:12:45.581624,150.7,3598,150.69,150.72,2025-12-26 15:12:45.680000-06:00,49670264113246220113422590908231280587226089917564059650
MSFT,2025-12-26T15:12:45.638416,356.21,6343,356.17,356.24,2025-12-26 15:12:45.736000-06:00,49670264113246220113422590908239743067963392321787002882
AMZN,2025-12-26T15:12:45.694875,146.88,4678,146.86,146.89,2025-12-26 15:12:45.794000-06:00,49670264113246220113422590908245787697061465467660533762
JPM,2025-12-26T15:12:45.753710,138.66,1140,138.65,138.67,2025-12-26 15:12:45.851000-06:00,49670264113246220113422590908246996622881080096835239938
AAPL,2025-12-26T15:12:45.813611,129.11,2014,129.09,129.12,2025-12-26 15:12:45.909000-06:00,49670264113246220113422590908248205548700694726009946114
GOOGL,2025-12-26T15:12:45.868435,151.34,6110,151.33,151.36,2025-12-26 15:12:45.967000-06:00,49670264113246220113422590908263921584355684905281126402
MSFT,2025-12-26T15:12:45.925377,354.63,4625,354.59,354.66,2025-12-26 15:12:46.023000-06:00,49670264113246220113422590908265130510175299534455832578
AMZN,2025-12-26T15:12:45.983067,148.16,6226,148.15,148.18,2025-12-26 15:12:46.081000-06:00,49670264113246220113422590908266339435994914163630538754
JPM,2025-12-26T15:12:46.040078,138.73,3126,138.71,138.74,2025-12-26 15:12:46.142000-06:00,49670264113246220113422590908268757287634143421979951106
AAPL,2025-12-26T15:12:46.103164,128.02,1894,128.01,128.04,2025-12-26 15:12:46.207000-06:00,49670264113246220113422590908271175139273372680329363458
GOOGL,2025-12-26T15:12:46.167453,152.15,4259,152.13,152.16,2025-12-26 15:12:46.267000-06:00,49670264113246220113422590908274801916732216567853481986
MSFT,2025-12-26T15:12:46.225534,354.69,3667,354.65,354.72,2025-12-26 15:12:46.322000-06:00,49670264113246220113422590908277219768371445826202894338
AMZN,2025-12-26T15:12:46.281175,148.78,6556,148.76,148.79,2025-12-26 15:12:46.383000-06:00,49670264113246220113422590908278428694191060455377600514
JPM,2025-12-26T15:12:46.342997,138.76,1847,138.75,138.77,2025-12-26 15:12:46.442000-06:00,49670264113246220113422590908279637620010675084552306690
AAPL,2025-12-26T15:12:46.402715,128.14,6230,128.13,128.15,2025-12-26 15:12:46.500000-06:00,49670264113246220113422590908283264397469518972076425218
GOOGL,2025-12-26T15:12:46.459560,151.3,3706,151.29,151.32,2025-12-26 15:12:46.557000-06:00,49670264113246220113422590908284473323289133601251131394
MSFT,2025-12-26T15:12:46.517213,354.3,7434,354.27,354.34,2025-12-26 15:12:46.615000-06:00,49670264113246220113422590908286891174928362859600543746
AMZN,2025-12-26T15:12:46.575442,147.46,3403,147.45,147.48,2025-12-26 15:12:46.676000-06:00,49670264113246220113422590908288100100747977488775249922
JPM,2025-12-26T15:12:46.636756,138.66,8924,138.64,138.67,2025-12-26 15:12:46.734000-06:00,49670264113246220113422590908291726878206821376299368450
AAPL,2025-12-26T15:12:46.695036,127.06,6417,127.05,127.07,2025-12-26 15:12:46.792000-06:00,49670264113246220113422590908292935804026436005474074626
GOOGL,2025-12-26T15:12:46.751072,152.61,6679,152.59,152.62,2025-12-26 15:12:46.848000-06:00,49670264113246220113422590908297771507304894522172899330
MSFT,2025-12-26T15:12:46.806126,355.89,7720,355.86,355.93,2025-12-26 15:12:46.903000-06:00,49670264113246220113422590908298980433124509151347605506
AMZN,2025-12-26T15:12:46.860409,147.44,5276,147.43,147.46,2025-12-26 15:12:46.954000-06:00,49670264113246220113422590908301398284763738409697017858
JPM,2025-12-26T15:12:46.918240,138.38,4523,138.36,138.39,2025-12-26 15:12:47.017000-06:00,49670264113246220113422590908305025062222582297221136386
AAPL,2025-12-26T15:12:46.976066,128.08,3996,128.07,128.1,2025-12-26 15:12:47.074000-06:00,49670264113246220113422590908307442913861811555570548738
GOOGL,2025-12-26T15:12:47.033002,152.44,7827,152.43,152.46,2025-12-26 15:12:47.128000-06:00,49670264113246220113422590908308651839681426253464731650
MSFT,2025-12-26T15:12:47.088355,355.09,9557,355.06,355.13,2025-12-26 15:12:47.190000-06:00,49670264113246220113422590908309860765501040882639437826
AMZN,2025-12-26T15:12:47.151082,147.85,3143,147.84,147.87,2025-12-26 15:12:47.248000-06:00,49670264113246220113422590908312278617140270140988850178
JPM,2025-12-26T15:12:47.208457,137.17,8002,137.15,137.18,2025-12-26 15:12:47.309000-06:00,49670264113246220113422590908315905394599114028512968706
AAPL,2025-12-26T15:12:47.267537,128.85,5839,128.83,128.86,2025-12-26 15:12:47.364000-06:00,49670264113246220113422590908318323246238343286862381058
GOOGL,2025-12-26T15:12:47.323437,152.81,1380,152.79,152.82,2025-12-26 15:12:47.420000-06:00,49670264113246220113422590908321950023697187174386499586
MSFT,2025-12-26T15:12:47.380419,356.72,5960,356.68,356.75,2025-12-26 15:12:47.474000-06:00,49670264113246220113422590908336457133532562724482973698
AMZN,2025-12-26T15:12:47.433897,148.76,1414,148.74,148.77,2025-12-26 15:12:47.532000-06:00,49670264113246220113422590908337666059352177353657679874
JPM,2025-12-26T15:12:47.496133,137.95,7298,137.93,137.96,2025-12-26 15:12:47.592000-06:00,49670264113246220113422590908340083910991406612007092226
AAPL,2025-12-26T15:12:47.549909,127.72,3387,127.71,127.74,2025-12-26 15:12:47.644000-06:00,49670264113246220113422590908341292836811021241181798402
GOOGL,2025-12-26T15:12:47.603463,152.92,5116,152.9,152.93,2025-12-26 15:12:47.739000-06:00,49670264113246220113422590908344919614269865128705916930
MSFT,2025-12-26T15:12:47.698477,358.61,4513,358.58,358.65,2025-12-26 15:12:47.797000-06:00,49670264113246220113422590908349755317548323645404741634
AMZN,2025-12-26T15:12:47.755823,149.48,1671,149.47,149.5,2025-12-26 15:12:47.852000-06:00,49670264113246220113422590908353382095007167532928860162
JPM,2025-12-26T15:12:47.811332,138.61,4094,138.6,138.63,2025-12-26 15:12:47.908000-06:00,49670264113246220113422590908354591020826782162103566338
AAPL,2025-12-26T15:12:47.867528,128.87,6791,128.85,128.88,2025-12-26 15:12:47.964000-06:00,49670264113246220113422590908358217798285626049627684866
GOOGL,2025-12-26T15:12:47.923224,151.57,1426,151.55,151.58,2025-12-26 15:12:48.025000-06:00,49670264113246220113422590908361844575744469937151803394
MSFT,2025-12-26T15:12:47.984919,356.68,3200,356.65,356.72,2025-12-26 15:12:48.081000-06:00,49670264113246220113422590908366680279022928453850628098
AMZN,2025-12-26T15:12:48.041082,148.32,4815,148.31,148.34,2025-12-26 15:12:48.135000-06:00,49670264113246220113422590908370307056481772410094223362
JPM,2025-12-26T15:12:48.094058,139.35,1531,139.33,139.36,2025-12-26 15:12:48.197000-06:00,49670264113246220113422590908371515982301387039268929538
AAPL,2025-12-26T15:12:48.156055,127.62,3728,127.61,127.63,2025-12-26 15:12:48.255000-06:00,49670264113246220113422590908377560611399460185142460418
GOOGL,2025-12-26T15:12:48.213133,152.71,7493,152.69,152.72,2025-12-26 15:12:48.312000-06:00,49670264113246220113422590908379978463038689443491872770
MSFT,2025-12-26T15:12:48.272029,356.67,2008,356.63,356.7,2025-12-26 15:12:48.367000-06:00,49670264113246220113422590908381187388858304072666578946
AMZN,2025-12-26T15:12:48.325436,149.03,4000,149.01,149.04,2025-12-26 15:12:48.423000-06:00,49670264113246220113422590908387232017956377218540109826
JPM,2025-12-26T15:12:48.381492,139.1,2158,139.09,139.11,2025-12-26 15:12:48.477000-06:00,49670264113246220113422590908389649869595606476889522178
AAPL,2025-12-26T15:12:48.435470,127.97,9243,127.96,127.98,2025-12-26 15:12:48.529000-06:00,49670264113246220113422590908390858795415221106064228354
GOOGL,2025-12-26T15:12:48.488492,153.08,1210,153.06,153.09,2025-12-26 15:12:48.583000-06:00,49670264113246220113422590908392067721234835735238934530
MSFT,2025-12-26T15:12:48.542472,353.28,9142,353.24,353.31,2025-12-26 15:12:48.639000-06:00,49670264113246220113422590908395694498693679622763053058
AMZN,2025-12-26T15:12:48.600572,149.06,5203,149.05,149.08,2025-12-26 15:12:48.696000-06:00,49670264113246220113422590908396903424513294251937759234
JPM,2025-12-26T15:12:48.654312,139.69,2455,139.68,139.7,2025-12-26 15:12:48.753000-06:00,49670264113246220113422590908398112350332908881112465410
AAPL,2025-12-26T15:12:48.711127,128.11,6157,128.1,128.12,2025-12-26 15:12:48.807000-06:00,49670264113246220113422590908399321276152523510287171586
GOOGL,2025-12-26T15:12:48.766481,154.18,6803,154.16,154.19,2025-12-26 15:12:48.861000-06:00,49670264113246220113422590908401739127791752768636583938
MSFT,2025-12-26T15:12:48.820552,355.72,4111,355.68,355.75,2025-12-26 15:12:48.916000-06:00,49670264113246220113422590908402948053611367397811290114
AMZN,2025-12-26T15:12:48.875147,149.66,2289,149.65,149.68,2025-12-26 15:12:48.974000-06:00,49670264113246220113422590908405365905250596656160702466
JPM,2025-12-26T15:12:48.933052,140.18,2436,140.17,140.2,2025-12-26 15:12:49.028000-06:00,49670264113246220113422590908407783756889825914510114818
AAPL,2025-12-26T15:12:48.988108,128.13,8220,128.11,128.14,2025-12-26 15:12:49.087000-06:00,49670264113246220113422590908411410534348669802034233346
GOOGL,2025-12-26T15:12:49.048850,153.92,5577,153.91,153.94,2025-12-26 15:12:49.147000-06:00,49670264113246220113422590908413828385987899060383645698
MSFT,2025-12-26T15:12:49.105767,355.96,5312,355.92,355.99,2025-12-26 15:12:49.204000-06:00,49670264113246220113422590908424708718364430722956001282
AMZN,2025-12-26T15:12:49.162950,149.42,6822,149.41,149.44,2025-12-26 15:12:49.263000-06:00,49670264113246220113422590908427126570003659981305413634
JPM,2025-12-26T15:12:49.221736,139.95,8807,139.93,139.96,2025-12-26 15:12:49.319000-06:00,49670264113246220113422590908429544421642889239654825986
AAPL,2025-12-26T15:12:49.278732,127.09,1224,127.08,127.1,2025-12-26 15:12:49.373000-06:00,49670264113246220113422590908430753347462503868829532162
GOOGL,2025-12-26T15:12:49.332414,154.18,4668,154.17,154.2,2025-12-26 15:12:49.430000-06:00,49670264113246220113422590908433171199101733127178944514
MSFT,2025-12-26T15:12:49.389231,354.28,7397,354.25,354.32,2025-12-26 15:12:49.491000-06:00,49670264113246220113422590908436797976560577014703063042
AMZN,2025-12-26T15:12:49.450439,148.07,9896,148.05,148.08,2025-12-26 15:12:49.547000-06:00,49670264113246220113422590908438006902380191643877769218
JPM,2025-12-26T15:12:49.507253,141.34,2695,141.32,141.35,2025-12-26 15:12:49.604000-06:00,49670264113246220113422590908439215828199806273052475394
AAPL,2025-12-26T15:12:49.562737,126.48,2959,126.47,126.49,2025-12-26 15:12:49.658000-06:00,49670264113246220113422590908441633679839035531401887746
GOOGL,2025-12-26T15:12:49.617089,152.72,4244,152.71,152.74,2025-12-26 15:12:49.712000-06:00,49670264113246220113422590908444051531478264789751300098
MSFT,2025-12-26T15:12:49.670981,353.33,4616,353.3,353.37,2025-12-26 15:12:49.768000-06:00,49670264113246220113422590908445260457297879418926006274
AMZN,2025-12-26T15:12:49.726035,148.92,8795,148.91,148.94,2025-12-26 15:12:49.823000-06:00,49670264113246220113422590908446469383117494048100712450
JPM,2025-12-26T15:12:49.784046,142.39,6653,142.37,142.4,2025-12-26 15:12:49.887000-06:00,49670264113246220113422590908447678308937108677275418626
AAPL,2025-12-26T15:12:49.847004,126.6,3537,126.59,126.61,2025-12-26 15:12:49.944000-06:00,49670264113246220113422590908453722938035181823148949506
GOOGL,2025-12-26T15:12:49.903995,152.65,5878,152.63,152.66,2025-12-26 15:12:50.003000-06:00,49670264113246220113422590908454931863854796452323655682
MSFT,2025-12-26T15:12:49.962743,350.27,3984,350.24,350.31,2025-12-26 15:12:50.062000-06:00,49670264113246220113422590908456140789674411150217838594
AMZN,2025-12-26T15:12:50.021309,149.31,7197,149.3,149.33,2025-12-26 15:12:50.119000-06:00,49670264113246220113422590908458558641313640408567250946
JPM,2025-12-26T15:12:50.078827,143.58,6490,143.56,143.59,2025-12-26 15:12:50.177000-06:00,49670264113246220113422590908460976492952869666916663298
AAPL,2025-12-26T15:12:50.137049,126.72,6750,126.71,126.74,2025-12-26 15:12:50.235000-06:00,49670264113246220113422590908468230047870557441964900354
GOOGL,2025-12-26T15:12:50.194698,151.65,1869,151.64,151.67,2025-12-26 15:12:50.292000-06:00,49670264113246220113422590908470647899509786700314312706
MSFT,2025-12-26T15:12:50.250842,353.68,4305,353.64,353.71,2025-12-26 15:12:50.345000-06:00,49670264113246220113422590908474274676968630587838431234
AMZN,2025-12-26T15:12:50.304826,150.52,1078,150.51,150.54,2025-12-26 15:12:50.401000-06:00,49670264113246220113422590908477901454427474475362549762
JPM,2025-12-26T15:12:50.359267,144.1,5711,144.09,144.12,2025-12-26 15:12:50.456000-06:00,49670264113246220113422590908481528231886318362886668290
AAPL,2025-12-26T15:12:50.415019,126.29,6315,126.28,126.31,2025-12-26 15:12:50.511000-06:00,49670264113246220113422590908483946083525547621236080642
GOOGL,2025-12-26T15:12:50.469681,152.81,2838,152.8,152.83,2025-12-26 15:12:50.562000-06:00,49670264113246220113422590908485155009345162250410786818
MSFT,2025-12-26T15:12:50.520107,354.93,4099,354.89,354.97,2025-12-26 15:12:50.620000-06:00,49670264113246220113422590908486363935164776879585492994
AMZN,2025-12-26T15:12:50.577998,150.81,9727,150.79,150.82,2025-12-26 15:12:50.674000-06:00,49670264113246220113422590908487572860984391508760199170
JPM,2025-12-26T15:12:50.633040,144.2,1607,144.18,144.21,2025-12-26 15:12:50.728000-06:00,49670264113246220113422590908491199638443235396284317698
AAPL,2025-12-26T15:12:50.687271,127.32,6419,127.31,127.33,2025-12-26 15:12:50.786000-06:00,49670264113246220113422590908492408564262850025459023874
GOOGL,2025-12-26T15:12:50.744069,153.69,7527,153.68,153.71,2025-12-26 15:12:50.840000-06:00,49670264113246220113422590908493617490082464654633730050
MSFT,2025-12-26T15:12:50.799018,355.0,2280,354.96,355.03,2025-12-26 15:12:50.895000-06:00,49670264113246220113422590908494826415902079283808436226
AMZN,2025-12-26T15:12:50.853844,150.03,8189,150.01,150.04,2025-12-26 15:12:50.951000-06:00,49670264113246220113422590908497244267541308542157848578
JPM,2025-12-26T15:12:50.911347,143.18,1817,143.17,143.19,2025-12-26 15:12:51.010000-06:00,49670264113246220113422590908500871045000152429681967106
AAPL,2025-12-26T15:12:50.969061,128.21,8727,128.2,128.22,2025-12-26 15:12:51.064000-06:00,49670264113246220113422590908503288896639381688031379458
GOOGL,2025-12-26T15:12:51.023650,153.01,3365,153.0,153.03,2025-12-26 15:12:51.119000-06:00,49670264113246220113422590908504497822458996317206085634
MSFT,2025-12-26T15:12:51.078649,358.41,1779,358.38,358.45,2025-12-26 15:12:51.174000-06:00,49670264113246220113422590908505706748278610946380791810
AMZN,2025-12-26T15:12:51.131991,151.39,5099,151.38,151.41,2025-12-26 15:12:51.230000-06:00,49670264113246220113422590908508124599917840204730204162
JPM,2025-12-26T15:12:51.189006,143.2,9860,143.18,143.21,2025-12-26 15:12:51.283000-06:00,49670264113246220113422590908511751377376684092254322690
AAPL,2025-12-26T15:12:51.241652,127.15,6981,127.14,127.17,2025-12-26 15:12:51.338000-06:00,49670264113246220113422590908517796006474757238127853570
GOOGL,2025-12-26T15:12:51.296749,153.43,4093,153.42,153.45,2025-12-26 15:12:51.391000-06:00,49670264113246220113422590908519004932294371867302559746
MSFT,2025-12-26T15:12:51.351364,355.86,6624,355.83,355.9,2025-12-26 15:12:51.448000-06:00,49670264113246220113422590908520213858113986496477265922
AMZN,2025-12-26T15:12:51.407357,150.5,4226,150.48,150.51,2025-12-26 15:12:51.506000-06:00,49670264113246220113422590908521422783933601263090925570
JPM,2025-12-26T15:12:51.466684,144.24,6977,144.22,144.25,2025-12-26 15:12:51.561000-06:00,49670264113246220113422590908522631709753215892265631746
AAPL,2025-12-26T15:12:51.519331,128.04,8796,128.03,128.05,2025-12-26 15:12:51.615000-06:00,49670264113246220113422590908525049561392445150615044098
GOOGL,2025-12-26T15:12:51.573185,153.35,7534,153.34,153.37,2025-12-26 15:12:51.671000-06:00,49670264113246220113422590908528676338851289038139162626
MSFT,2025-12-26T15:12:51.630161,355.49,6957,355.45,355.53,2025-12-26 15:12:51.728000-06:00,49670264113246220113422590908532303116310132925663281154
AMZN,2025-12-26T15:12:51.687899,151.66,7594,151.65,151.68,2025-12-26 15:12:51.783000-06:00,49670264113246220113422590908533512042129747554837987330
JPM,2025-12-26T15:12:51.741543,145.59,5140,145.57,145.6,2025-12-26 15:12:51.839000-06:00,49670264113246220113422590908535929893768976813187399682
AAPL,2025-12-26T15:12:51.797840,126.86,7196,126.85,126.87,2025-12-26 15:12:51.899000-06:00,49670264113246220113422590908543183448686664588235636738
GOOGL,2025-12-26T15:12:51.858683,152.62,1642,152.61,152.64,2025-12-26 15:12:51.954000-06:00,49670264113246220113422590908544392374506279217410342914
MSFT,2025-12-26T15:12:51.913597,351.97,7944,351.94,352.01,2025-12-26 15:12:52.007000-06:00,49670264113246220113422590908550437003604352363283873794
AMZN,2025-12-26T15:12:51.968630,151.73,5396,151.71,151.74,2025-12-26 15:12:52.064000-06:00,49670264113246220113422590908552854855243581621633286146
JPM,2025-12-26T15:12:52.024630,144.83,1976,144.82,144.84,2025-12-26 15:12:52.120000-06:00,49670264113246220113422590908554063781063196250807992322
AAPL,2025-12-26T15:12:52.078553,127.35,5603,127.34,127.37,2025-12-26 15:12:52.173000-06:00,49670264113246220113422590908557690558522040138332110850
GOOGL,2025-12-26T15:12:52.132392,151.25,5446,151.24,151.27,2025-12-26 15:12:52.227000-06:00,49670264113246220113422590908563735187620113284205641730
MSFT,2025-12-26T15:12:52.186880,354.66,7746,354.62,354.69,2025-12-26 15:12:52.295000-06:00,49670264113246220113422590908566153039259342542555054082
AMZN,2025-12-26T15:12:52.253214,152.85,4762,152.83,152.86,2025-12-26 15:12:52.351000-06:00,49670264113246220113422590908568570890898571800904466434
JPM,2025-12-26T15:12:52.310228,144.46,5735,144.44,144.47,2025-12-26 15:12:52.407000-06:00,49670264113246220113422590908574615519996644946777997314
AAPL,2025-12-26T15:12:52.364853,127.63,6659,127.62,127.64,2025-12-26 15:12:52.461000-06:00,49670264113246220113422590908577033371635874273846886402
GOOGL,2025-12-26T15:12:52.419982,150.53,6726,150.52,150.55,2025-12-26 15:12:52.518000-06:00,49670264113246220113422590908579451223275103532196298754
MSFT,2025-12-26T15:12:52.477285,353.8,6418,353.76,353.83,2025-12-26 15:12:52.573000-06:00,49670264113246220113422590908581869074914332790545711106
AMZN,2025-12-26T15:12:52.532183,151.79,6208,151.78,151.81,2025-12-26 15:12:52.628000-06:00,49670264113246220113422590908586704778192791307244535810
JPM,2025-12-26T15:12:52.588780,143.6,7576,143.59,143.62,2025-12-26 15:12:52.684000-06:00,49670264113246220113422590908587913704012405936419241986
AAPL,2025-12-26T15:12:52.643381,127.17,9275,127.16,127.18,2025-12-26 15:12:52.743000-06:00,49670264113246220113422590908589122629832020565593948162
GOOGL,2025-12-26T15:12:52.702236,149.57,5493,149.55,149.58,2025-12-26 15:12:52.797000-06:00,49670264113246220113422590908596376184749708340642185218
MSFT,2025-12-26T15:12:52.756571,351.34,7537,351.31,351.38,2025-12-26 15:12:52.853000-06:00,49670264113246220113422590908619345775322386294961602562
AMZN,2025-12-26T15:12:52.812777,151.4,6414,151.39,151.42,2025-12-26 15:12:52.909000-06:00,49670264113246220113422590908621763626961615553311014914
JPM,2025-12-26T15:12:52.867338,142.82,7781,142.81,142.84,2025-12-26 15:12:52.965000-06:00,49670264113246220113422590908622972552781230182485721090
AAPL,2025-12-26T15:12:52.924137,126.04,8447,126.03,126.05,2025-12-26 15:12:53.021000-06:00,49670264113246220113422590908625390404420459440835133442
GOOGL,2025-12-26T15:12:52.980953,148.91,9621,148.9,148.93,2025-12-26 15:12:53.077000-06:00,49670264113246220113422590908627808256059688699184545794
MSFT,2025-12-26T15:12:53.037897,348.56,8853,348.53,348.6,2025-12-26 15:12:53.135000-06:00,49670264113246220113422590908631435033518532586708664322
AMZN,2025-12-26T15:12:53.094158,151.63,8716,151.61,151.64,2025-12-26 15:12:53.189000-06:00,49670264113246220113422590908644733217534293507630432258
JPM,2025-12-26T15:12:53.150105,141.57,3494,141.55,141.58,2025-12-26 15:12:53.248000-06:00,49670264113246220113422590908649568920812752024329256962
AAPL,2025-12-26T15:12:53.210321,125.33,3633,125.32,125.35,2025-12-26 15:12:53.306000-06:00,49670264113246220113422590908668911733926586091124555778
GOOGL,2025-12-26T15:12:53.264998,148.52,5471,148.51,148.54,2025-12-26 15:12:53.360000-06:00,49670264113246220113422590908670120659746200720299261954
MSFT,2025-12-26T15:12:53.319624,350.89,7540,350.86,350.93,2025-12-26 15:12:53.416000-06:00,49670264113246220113422590908671329585565815349473968130
AMZN,2025-12-26T15:12:53.376979,150.15,7556,150.13,150.16,2025-12-26 15:12:53.475000-06:00,49670264113246220113422590908672538511385429978648674306
JPM,2025-12-26T15:12:53.433635,142.35,5728,142.33,142.36,2025-12-26 15:12:53.531000-06:00,49670264113246220113422590908673747437205044607823380482
AAPL,2025-12-26T15:12:53.490462,126.01,8415,126.0,126.02,2025-12-26 15:12:53.587000-06:00,49670264113246220113422590908674956363024659236998086658
GOOGL,2025-12-26T15:12:53.553252,148.08,4822,148.06,148.09,2025-12-26 15:12:53.661000-06:00,49670264113246220113422590908677374214663888495347499010
MSFT,2025-12-26T15:12:53.621247,351.79,1871,351.75,351.82,2025-12-26 15:12:53.719000-06:00,49670264113246220113422590908678583140483503124522205186
AMZN,2025-12-26T15:12:53.679841,148.8,8471,148.78,148.81,2025-12-26 15:12:53.776000-06:00,49670264113246220113422590908684627769581576270395736066
JPM,2025-12-26T15:12:53.734762,141.42,1870,141.41,141.44,2025-12-26 15:12:53.833000-06:00,49670264113246220113422590908690672398679649416269266946
AAPL,2025-12-26T15:12:53.794095,124.95,7778,124.93,124.96,2025-12-26 15:12:53.892000-06:00,49670264113246220113422590908691881324499264045443973122
GOOGL,2025-12-26T15:12:53.851096,149.03,4374,149.01,149.04,2025-12-26 15:12:53.951000-06:00,49670264113246220113422590908695508101958108070407045122
MSFT,2025-12-26T15:12:53.910007,351.06,4872,351.03,351.1,2025-12-26 15:12:54.005000-06:00,49670264113246220113422590908699134879416951957931163650
AMZN,2025-12-26T15:12:53.966030,149.05,5931,149.04,149.07,2025-12-26 15:12:54.063000-06:00,49670264113246220113422590908701552731056181216280576002
JPM,2025-12-26T15:12:54.022499,141.01,3490,140.99,141.02,2025-12-26 15:12:54.119000-06:00,49670264113246220113422590908703970582695410474629988354
AAPL,2025-12-26T15:12:54.077893,123.77,8740,123.76,123.78,2025-12-26 15:12:54.174000-06:00,49670264113246220113422590908705179508515025103804694530
GOOGL,2025-12-26T15:12:54.133318,149.92,4551,149.9,149.93,2025-12-26 15:12:54.230000-06:00,49670264113246220113422590908706388434334639732979400706
MSFT,2025-12-26T15:12:54.188680,349.07,3428,349.03,349.1,2025-12-26 15:12:54.287000-06:00,49670264113246220113422590908714850915071942137202343938
AMZN,2025-12-26T15:12:54.246813,150.15,6190,150.13,150.16,2025-12-26 15:12:54.347000-06:00,49670264113246220113422590908719686618350400653901168642
JPM,2025-12-26T15:12:54.307811,139.85,6073,139.84,139.87,2025-12-26 15:12:54.403000-06:00,49670264113246220113422590908725731247448473799774699522
AAPL,2025-12-26T15:12:54.363071,122.92,8481,122.91,122.93,2025-12-26 15:12:54.458000-06:00,49670264113246220113422590908728149099087703058124111874
GOOGL,2025-12-26T15:12:54.417624,150.31,1248,150.29,150.32,2025-12-26 15:12:54.516000-06:00,49670264113246220113422590908729358024907317687298818050
MSFT,2025-12-26T15:12:54.477442,346.04,6768,346.01,346.08,2025-12-26 15:12:54.574000-06:00,49670264113246220113422590908730566950726932316473524226
AMZN,2025-12-26T15:12:54.533754,150.56,3660,150.54,150.57,2025-12-26 15:12:54.629000-06:00,49670264113246220113422590908734193728185776203997642754
JPM,2025-12-26T15:12:54.588684,138.65,2852,138.64,138.67,2025-12-26 15:12:54.687000-06:00,49670264113246220113422590908737820505644620091521761282
AAPL,2025-12-26T15:12:54.645527,123.77,9605,123.76,123.78,2025-12-26 15:12:54.741000-06:00,49670264113246220113422590908740238357283849349871173634
GOOGL,2025-12-26T15:12:54.704114,149.01,1911,149.0,149.03,2025-12-26 15:12:54.803000-06:00,49670264113246220113422590908743865134742693237395292162
MSFT,2025-12-26T15:12:54.762673,343.96,5631,343.93,344.0,2025-12-26 15:12:54.862000-06:00,49670264113246220113422590908745074060562307866569998338
AMZN,2025-12-26T15:12:54.821965,149.3,2857,149.29,149.32,2025-12-26 15:12:54.919000-06:00,49670264113246220113422590908749909763840766451988299778
JPM,2025-12-26T15:12:54.877559,138.4,9218,138.38,138.41,2025-12-26 15:12:54.973000-06:00,49670264113246220113422590908759581170397683485385949186
AAPL,2025-12-26T15:12:54.932773,123.95,6080,123.94,123.96,2025-12-26 15:12:55.030000-06:00,49670264113246220113422590908760790096217298114560655362
GOOGL,2025-12-26T15:12:54.989425,150.12,4157,150.11,150.14,2025-12-26 15:12:55.085000-06:00,49670264113246220113422590908761999022036912743735361538
MSFT,2025-12-26T15:12:55.044167,341.52,8621,341.49,341.56,2025-12-26 15:12:55.141000-06:00,49670264113246220113422590908765625799495756631259480066
AMZN,2025-12-26T15:12:55.100296,149.3,4167,149.28,149.31,2025-12-26 15:12:55.197000-06:00,49670264113246220113422590908769252576954600518783598594
JPM,2025-12-26T15:12:55.156399,139.07,9823,139.05,139.08,2025-12-26 15:12:55.253000-06:00,49670264113246220113422590908770461502774215147958304770
AAPL,2025-12-26T15:12:55.244396,123.57,4668,123.56,123.59,2025-12-26 15:12:55.341000-06:00,49670264113246220113422590908775297206052673664657129474
GOOGL,2025-12-26T15:12:55.300295,150.27,9814,150.26,150.29,2025-12-26 15:12:55.397000-06:00,49670264113246220113422590908777715057691902923006541826
MSFT,2025-12-26T15:12:55.357095,342.5,2545,342.46,342.53,2025-12-26 15:12:55.451000-06:00,49670264113246220113422590908778923983511517552181248002
AMZN,2025-12-26T15:12:55.410105,148.45,9815,148.43,148.46,2025-12-26 15:12:55.506000-06:00,49670264113246220113422590908787386464248819956404191234
JPM,2025-12-26T15:12:55.466275,138.39,1947,138.37,138.4,2025-12-26 15:12:55.563000-06:00,49670264113246220113422590908798266796625351618976546818
AAPL,2025-12-26T15:12:55.521274,122.58,2719,122.57,122.59,2025-12-26 15:12:55.619000-06:00,49670264113246220113422590908799475722444966248151252994
GOOGL,2025-12-26T15:12:55.577962,150.51,5589,150.49,150.52,2025-12-26 15:12:55.677000-06:00,49670264113246220113422590908800684648264580877325959170
MSFT,2025-12-26T15:12:55.635988,340.93,2092,340.9,340.97,2025-12-26 15:12:55.737000-06:00,49670264113246220113422590908803102499903810135675371522
AMZN,2025-12-26T15:12:55.695581,147.09,7038,147.08,147.11,2025-12-26 15:12:55.791000-06:00,49670264113246220113422590908804311425723424764850077698
JPM,2025-12-26T15:12:55.749964,139.41,2992,139.4,139.42,2025-12-26 15:12:55.846000-06:00,49670264113246220113422590908805520351543039394024783874
AAPL,2025-12-26T15:12:55.804976,122.64,6702,122.63,122.65,2025-12-26 15:12:55.902000-06:00,49670264113246220113422590908806729277362654023199490050
GOOGL,2025-12-26T15:12:55.861715,151.15,3101,151.13,151.16,2025-12-26 15:12:55.957000-06:00,49670264113246220113422590908817609609739185685771845634
MSFT,2025-12-26T15:12:55.915643,339.82,8418,339.79,339.86,2025-12-26 15:12:56.010000-06:00,49670264113246220113422590908818818535558800314946551810
AMZN,2025-12-26T15:12:55.969409,148.43,4415,148.41,148.44,2025-12-26 15:12:56.064000-06:00,49670264113246220113422590908820027461378414944121257986
JPM,2025-12-26T15:12:56.022403,139.51,4245,139.5,139.52,2025-12-26 15:12:56.119000-06:00,49670264113246220113422590908823654238837258831645376514
AAPL,2025-12-26T15:12:56.078223,123.46,9528,123.45,123.47,2025-12-26 15:12:56.176000-06:00,49670264113246220113422590908827281016296102719169495042
GOOGL,2025-12-26T15:12:56.135353,151.07,7542,151.05,151.09,2025-12-26 15:12:56.232000-06:00,49670264113246220113422590908830907793754946606693613570
MSFT,2025-12-26T15:12:56.191130,342.54,6007,342.5,342.57,2025-12-26 15:12:56.290000-06:00,49670264113246220113422590908832116719574561235868319746
AMZN,2025-12-26T15:12:56.249809,147.43,3609,147.41,147.44,2025-12-26 15:12:56.347000-06:00,49670264113246220113422590908833325645394175933762502658
JPM,2025-12-26T15:12:56.305818,139.01,4569,139.0,139.02,2025-12-26 15:12:56.401000-06:00,49670264113246220113422590908835743497033405192111915010
AAPL,2025-12-26T15:12:56.360657,122.73,1272,122.72,122.74,2025-12-26 15:12:56.462000-06:00,49670264113246220113422590908838161348672634450461327362
GOOGL,2025-12-26T15:12:56.423553,150.51,4609,150.5,150.53,2025-12-26 15:12:56.527000-06:00,49670264113246220113422590908840579200311863708810739714
MSFT,2025-12-26T15:12:56.485791,341.49,7338,341.45,341.52,2025-12-26 15:12:56.579000-06:00,49670264113246220113422590908841788126131478337985445890
AMZN,2025-12-26T15:12:56.537563,146.02,1881,146.01,146.03,2025-12-26 15:12:56.635000-06:00,49670264113246220113422590908846623829409936854684270594
JPM,2025-12-26T15:12:56.594897,138.55,6233,138.54,138.57,2025-12-26 15:12:56.694000-06:00,49670264113246220113422590908849041681049166113033682946
AAPL,2025-12-26T15:12:56.652836,122.7,1025,122.69,122.71,2025-12-26 15:12:56.751000-06:00,49670264113246220113422590908853877384327624629732507650
GOOGL,2025-12-26T15:12:56.711800,151.02,7257,151.0,151.03,2025-12-26 15:12:56.815000-06:00,49670264113246220113422590908855086310147239258907213826
MSFT,2025-12-26T15:12:56.774536,341.25,2512,341.22,341.28,2025-12-26 15:12:56.869000-06:00,49670264113246220113422590908857504161786468517256626178
AMZN,2025-12-26T15:12:56.827532,147.4,1484,147.38,147.41,2025-12-26 15:12:56.927000-06:00,49670264113246220113422590908861130939245312404780744706
JPM,2025-12-26T15:12:56.887085,139.85,2946,139.84,139.87,2025-12-26 15:12:56.990000-06:00,49670264113246220113422590908862339865064927033955450882
AAPL,2025-12-26T15:12:56.953620,123.76,4129,123.75,123.77,2025-12-26 15:12:57.053000-06:00,49670264113246220113422590908863548790884541663130157058
GOOGL,2025-12-26T15:12:57.011727,150.06,1539,150.05,150.08,2025-12-26 15:12:57.109000-06:00,49670264113246220113422590908869593419982614809003687938
MSFT,2025-12-26T15:12:57.068499,342.16,7660,342.12,342.19,2025-12-26 15:12:57.164000-06:00,49670264113246220113422590908875638049080687954877218818
AMZN,2025-12-26T15:12:57.123501,146.1,7858,146.08,146.11,2025-12-26 15:12:57.219000-06:00,49670264113246220113422590908886518381457219617449574402
JPM,2025-12-26T15:12:57.179045,140.82,1885,140.81,140.84,2025-12-26 15:12:57.318000-06:00,49670264113246220113422590908887727307276834246624280578
AAPL,2025-12-26T15:12:57.280258,122.99,8072,122.98,123.0,2025-12-26 15:12:57.377000-06:00,49670264113246220113422590908890145158916063573693169666
GOOGL,2025-12-26T15:12:57.337265,151.5,4538,151.48,151.51,2025-12-26 15:12:57.438000-06:00,49670264113246220113422590908891354084735678202867875842
MSFT,2025-12-26T15:12:57.396996,345.55,3151,345.51,345.58,2025-12-26 15:12:57.495000-06:00,49670264113246220113422590908894980862194522090391994370
AMZN,2025-12-26T15:12:57.453864,145.8,6470,145.79,145.82,2025-12-26 15:12:57.550000-06:00,49670264113246220113422590908896189788014136719566700546
JPM,2025-12-26T15:12:57.508867,139.49,7050,139.48,139.5,2025-12-26 15:12:57.606000-06:00,49670264113246220113422590908898607639653365977916112898
AAPL,2025-12-26T15:12:57.564817,123.07,2634,123.05,123.08,2025-12-26 15:12:57.660000-06:00,49670264113246220113422590908905861194571053752964349954
GOOGL,2025-12-26T15:12:57.619819,151.18,8775,151.17,151.2,2025-12-26 15:12:57.717000-06:00,49670264113246220113422590908914323675308356157187293186
MSFT,2025-12-26T15:12:57.679677,348.02,7021,347.99,348.06,2025-12-26 15:12:57.774000-06:00,49670264113246220113422590908923995081865273190584942594
AMZN,2025-12-26T15:12:57.732572,144.47,2224,144.46,144.49,2025-12-26 15:12:57.830000-06:00,49670264113246220113422590908928830785143731707283767298
JPM,2025-12-26T15:12:57.789397,138.81,1352,138.79,138.82,2025-12-26 15:12:57.888000-06:00,49670264113246220113422590908930039710963346336458473474
AAPL,2025-12-26T15:12:57.847077,122.69,4014,122.68,122.7,2025-12-26 15:12:57.942000-06:00,49670264113246220113422590908931248636782960965633179650
GOOGL,2025-12-26T15:12:57.902341,152.44,6431,152.42,152.46,2025-12-26 15:12:57.997000-06:00,49670264113246220113422590908937293265881034111506710530
MSFT,2025-12-26T15:12:57.958223,349.3,9318,349.27,349.34,2025-12-26 15:12:58.056000-06:00,49670264113246220113422590908938502191700648740681416706
AMZN,2025-12-26T15:12:58.016199,143.68,5318,143.67,143.7,2025-12-26 15:12:58.112000-06:00,49670264113246220113422590908940920043339877999030829058
JPM,2025-12-26T15:12:58.072067,139.22,8177,139.21,139.24,2025-12-26 15:12:58.168000-06:00,49670264113246220113422590908944546820798721886554947586
AAPL,2025-12-26T15:12:58.129357,121.95,4255,121.93,121.96,2025-12-26 15:12:58.227000-06:00,49670264113246220113422590908945755746618336515729653762
GOOGL,2025-12-26T15:12:58.186348,153.19,1032,153.17,153.2,2025-12-26 15:12:58.283000-06:00,49670264113246220113422590908961471782273326695000834050
MSFT,2025-12-26T15:12:58.243632,349.36,7850,349.33,349.4,2025-12-26 15:12:58.338000-06:00,49670264113246220113422590908962680708092941324175540226
AMZN,2025-12-26T15:12:58.300938,142.92,3740,142.91,142.93,2025-12-26 15:12:58.397000-06:00,49670264113246220113422590908971143188830243728398483458
JPM,2025-12-26T15:12:58.354989,140.6,1408,140.58,140.61,2025-12-26 15:12:58.452000-06:00,49670264113246220113422590908974769966289087615922601986
AAPL,2025-12-26T15:12:58.410612,121.13,1628,121.12,121.14,2025-12-26 15:12:58.507000-06:00,49670264113246220113422590908977187817928316874272014338
GOOGL,2025-12-26T15:12:58.466201,154.02,7375,154.01,154.04,2025-12-26 15:12:58.564000-06:00,49670264113246220113422590908980814595387160761796132866
MSFT,2025-12-26T15:12:58.523747,347.54,4470,347.51,347.57,2025-12-26 15:12:58.622000-06:00,49670264113246220113422590909002575260140224086940844034
AMZN,2025-12-26T15:12:58.581235,142.09,9719,142.08,142.1,2025-12-26 15:12:58.678000-06:00,49670264113246220113422590909008619889238297232814374914
JPM,2025-12-26T15:12:58.637183,140.85,1047,140.84,140.87,2025-12-26 15:12:58.733000-06:00,49670264113246220113422590909020709147434443524561436674
AAPL,2025-12-26T15:12:58.691557,120.47,4533,120.46,120.48,2025-12-26 15:12:58.788000-06:00,49670264113246220113422590909025544850712902178699214850
GOOGL,2025-12-26T15:12:58.747636,152.59,9798,152.58,152.61,2025-12-26 15:12:58.843000-06:00,49670264113246220113422590909026753776532516807873921026
MSFT,2025-12-26T15:12:58.802219,345.21,2904,345.18,345.25,2025-12-26 15:12:58.897000-06:00,49670264113246220113422590909027962702352131437048627202
AMZN,2025-12-26T15:12:58.856371,143.14,1191,143.12,143.15,2025-12-26 15:12:58.958000-06:00,49670264113246220113422590909031589479810975324572745730
JPM,2025-12-26T15:12:58.917357,141.46,6929,141.44,141.47,2025-12-26 15:12:59.016000-06:00,49670264113246220113422590909036425183089433841271570434
AAPL,2025-12-26T15:12:58.976383,119.89,2321,119.88,119.91,2025-12-26 15:12:59.077000-06:00,49670264113246220113422590909037634108909048470446276610
GOOGL,2025-12-26T15:12:59.036678,151.86,1871,151.85,151.88,2025-12-26 15:12:59.132000-06:00,49670264113246220113422590909050932292924809391368044546
MSFT,2025-12-26T15:12:59.094173,348.04,3870,348.0,348.07,2025-12-26 15:12:59.192000-06:00,49670264113246220113422590909052141218744424020542750722
AMZN,2025-12-26T15:12:59.150442,142.33,9336,142.32,142.35,2025-12-26 15:12:59.246000-06:00,49670264113246220113422590909053350144564038649717456898
JPM,2025-12-26T15:12:59.205671,142.49,9696,142.48,142.5,2025-12-26 15:12:59.302000-06:00,49670264113246220113422590909055767996203267908066869250
AAPL,2025-12-26T15:12:59.261504,120.62,2316,120.61,120.63,2025-12-26 15:12:59.358000-06:00,49670264113246220113422590909058185847842497166416281602
GOOGL,2025-12-26T15:12:59.316857,151.66,8686,151.65,151.68,2025-12-26 15:12:59.414000-06:00,49670264113246220113422590909059394773662111795590987778
MSFT,2025-12-26T15:12:59.373496,348.51,9230,348.48,348.55,2025-12-26 15:12:59.471000-06:00,49670264113246220113422590909061812625301341053940400130
AMZN,2025-12-26T15:12:59.430965,142.35,6800,142.33,142.36,2025-12-26 15:12:59.527000-06:00,49670264113246220113422590909063021551120955683115106306
JPM,2025-12-26T15:12:59.485667,143.41,4967,143.39,143.42,2025-12-26 15:12:59.583000-06:00,49670264113246220113422590909067857254399414199813931010
AAPL,2025-12-26T15:12:59.542704,121.57,7371,121.55,121.58,2025-12-26 15:12:59.639000-06:00,49670264113246220113422590909069066180219028828988637186
GOOGL,2025-12-26T15:12:59.598000,151.37,1202,151.35,151.38,2025-12-26 15:12:59.693000-06:00,49670264113246220113422590909072692957677872716512755714
MSFT,2025-12-26T15:12:59.653758,348.75,3729,348.71,348.78,2025-12-26 15:12:59.749000-06:00,49670264113246220113422590909077528660956331233211580418
AMZN,2025-12-26T15:12:59.707853,141.36,6186,141.34,141.37,2025-12-26 15:12:59.810000-06:00,49670264113246220113422590909081155438415175120735698946
JPM,2025-12-26T15:12:59.769150,143.83,9222,143.81,143.84,2025-12-26 15:12:59.867000-06:00,49670264113246220113422590909083573290054404379085111298
AAPL,2025-12-26T15:12:59.825621,121.61,2012,121.6,121.62,2025-12-26 15:12:59.923000-06:00,49670264113246220113422590909087200067513248266609229826
GOOGL,2025-12-26T15:12:59.882716,150.89,7312,150.87,150.9,2025-12-26 15:12:59.982000-06:00,49670264113246220113422590909089617919152477524958642178
MSFT,2025-12-26T15:12:59.940717,346.77,3649,346.74,346.81,2025-12-26 15:13:00.039000-06:00,49670264113246220113422590909090826844972092154133348354
AMZN,2025-12-26T15:12:59.998319,142.66,2302,142.65,142.67,2025-12-26 15:13:00.096000-06:00,49670264113246220113422590909093244696611321412482760706
JPM,2025-12-26T15:13:00.055344,144.12,1067,144.11,144.14,2025-12-26 15:13:00.153000-06:00,49670264113246220113422590909095662548250550670832173058
AAPL,2025-12-26T15:13:00.114107,120.42,7017,120.4,120.43,2025-12-26 15:13:00.210000-06:00,49670264113246220113422590909099289325709394558356291586
GOOGL,2025-12-26T15:13:00.176668,150.85,8916,150.84,150.87,2025-12-26 15:13:00.278000-06:00,49670264113246220113422590909100498251529009256250474498
MSFT,2025-12-26T15:13:00.237676,343.57,9061,343.53,343.6,2025-12-26 15:13:00.332000-06:00,49670264113246220113422590909106542880627082402124005378
AMZN,2025-12-26T15:13:00.291342,143.78,1435,143.76,143.79,2025-12-26 15:13:00.387000-06:00,49670264113246220113422590909107751806446697031298711554
JPM,2025-12-26T15:13:00.347676,143.41,5403,143.39,143.42,2025-12-26 15:13:00.445000-06:00,49670264113246220113422590909108960732266311660473417730
AAPL,2025-12-26T15:13:00.405060,120.82,9982,120.81,120.83,2025-12-26 15:13:00.500000-06:00,49670264113246220113422590909111378583905540918822830082
GOOGL,2025-12-26T15:13:00.459205,149.72,4985,149.71,149.74,2025-12-26 15:13:00.554000-06:00,49670264113246220113422590909116214287183999435521654786
MSFT,2025-12-26T15:13:00.512403,345.95,9431,345.92,345.99,2025-12-26 15:13:00.610000-06:00,49670264113246220113422590909117423213003614064696360962
AMZN,2025-12-26T15:13:00.570225,145.21,5745,145.19,145.22,2025-12-26 15:13:00.681000-06:00,49670264113246220113422590909123467842101687210569891842
JPM,2025-12-26T15:13:00.640284,143.71,4024,143.7,143.73,2025-12-26 15:13:00.739000-06:00,49670264113246220113422590909125885693740916468919304194
AAPL,2025-12-26T15:13:00.697752,120.13,9434,120.12,120.14,2025-12-26 15:13:00.794000-06:00,49670264113246220113422590909128303545380145727268716546
GOOGL,2025-12-26T15:13:00.753909,150.49,9497,150.48,150.51,2025-12-26 15:13:00.852000-06:00,49670264113246220113422590909133139248658604243967541250
MSFT,2025-12-26T15:13:00.811475,342.7,6938,342.66,342.73,2025-12-26 15:13:00.908000-06:00,49670264113246220113422590909137974951937062760666365954
AMZN,2025-12-26T15:13:00.868052,145.23,8598,145.22,145.25,2025-12-26 15:13:00.970000-06:00,49670264113246220113422590909145228506854750535714603010
JPM,2025-12-26T15:13:00.929322,143.63,1108,143.62,143.65,2025-12-26 15:13:01.034000-06:00,49670264113246220113422590909151273135952823681588133890
AAPL,2025-12-26T15:13:00.995308,119.44,9160,119.43,119.45,2025-12-26 15:13:01.091000-06:00,49670264113246220113422590909152482061772438310762840066
GOOGL,2025-12-26T15:13:01.052193,149.32,1877,149.31,149.34,2025-12-26 15:13:01.148000-06:00,49670264113246220113422590909153690987592052939937546242
MSFT,2025-12-26T15:13:01.106913,340.1,4186,340.06,340.13,2025-12-26 15:13:01.205000-06:00,49670264113246220113422590909156108839231282198286958594
AMZN,2025-12-26T15:13:01.165280,144.74,9044,144.72,144.75,2025-12-26 15:13:01.261000-06:00,49670264113246220113422590909157317765050896827461664770
JPM,2025-12-26T15:13:01.220928,143.35,3316,143.34,143.36,2025-12-26 15:13:01.319000-06:00,49670264113246220113422590909159735616690126085811077122
AAPL,2025-12-26T15:13:01.278120,120.5,8865,120.48,120.51,2025-12-26 15:13:01.373000-06:00,49670264113246220113422590909160944542509740714985783298
GOOGL,2025-12-26T15:13:01.332799,147.89,2500,147.87,147.9,2025-12-26 15:13:01.429000-06:00,49670264113246220113422590909162153468329355344160489474
MSFT,2025-12-26T15:13:01.388379,342.0,8823,341.96,342.03,2025-12-26 15:13:01.485000-06:00,49670264113246220113422590909164571319968584602509901826
AMZN,2025-12-26T15:13:01.445367,144.64,9355,144.63,144.65,2025-12-26 15:13:01.542000-06:00,49670264113246220113422590909165780245788199231684608002
JPM,2025-12-26T15:13:01.502147,142.32,8882,142.31,142.34,2025-12-26 15:13:01.597000-06:00,49670264113246220113422590909166989171607813860859314178
AAPL,2025-12-26T15:13:01.558039,120.73,8118,120.72,120.74,2025-12-26 15:13:01.655000-06:00,49670264113246220113422590909168198097427428490034020354
GOOGL,2025-12-26T15:13:01.613807,147.04,1273,147.03,147.06,2025-12-26 15:13:01.709000-06:00,49670264113246220113422590909173033800705887075452321794
MSFT,2025-12-26T15:13:01.668203,344.07,2271,344.04,344.1,2025-12-26 15:13:01.768000-06:00,49670264113246220113422590909175451652345116333801734146
AMZN,2025-12-26T15:13:01.726288,144.27,9673,144.25,144.28,2025-12-26 15:13:01.823000-06:00,49670264113246220113422590909176660578164730962976440322
JPM,2025-12-26T15:13:01.782309,141.69,9343,141.67,141.7,2025-12-26 15:13:01.877000-06:00,49670264113246220113422590909177869503984345592151146498
AAPL,2025-12-26T15:13:01.836151,121.36,8210,121.35,121.37,2025-12-26 15:13:01.935000-06:00,49670264113246220113422590909182705207262804108849971202
GOOGL,2025-12-26T15:13:01.896888,147.02,4511,147.01,147.04,2025-12-26 15:13:01.994000-06:00,49670264113246220113422590909183914133082418738024677378
MSFT,2025-12-26T15:13:01.954941,343.15,1032,343.12,343.19,2025-12-26 15:13:02.051000-06:00,49670264113246220113422590909185123058902033367199383554
AMZN,2025-12-26T15:13:02.010415,143.48,7319,143.46,143.49,2025-12-26 15:13:02.109000-06:00,49670264113246220113422590909186331984721647996374089730
JPM,2025-12-26T15:13:02.071390,141.02,1425,141.0,141.03,2025-12-26 15:13:02.167000-06:00,49670264113246220113422590909187540910541262625548795906
AAPL,2025-12-26T15:13:02.125528,122.0,2162,121.99,122.01,2025-12-26 15:13:02.221000-06:00,49670264113246220113422590909191167688000106513072914434
GOOGL,2025-12-26T15:13:02.181479,146.62,4222,146.6,146.63,2025-12-26 15:13:02.332000-06:00,49670264113246220113422590909205674797835482063169388546
MSFT,2025-12-26T15:13:02.300196,341.5,3854,341.47,341.54,2025-12-26 15:13:02.397000-06:00,49670264113246220113422590909210510501113940579868213250
AMZN,2025-12-26T15:13:02.358305,144.37,7707,144.36,144.39,2025-12-26 15:13:02.454000-06:00,49670264113246220113422590909211719426933555209042919426
JPM,2025-12-26T15:13:02.416197,142.21,4772,142.19,142.22,2025-12-26 15:13:02.512000-06:00,49670264113246220113422590909212928352753169838217625602
AAPL,2025-12-26T15:13:02.471167,121.0,6860,120.98,121.01,2025-12-26 15:13:02.565000-06:00,49670264113246220113422590909214137278572784467392331778
GOOGL,2025-12-26T15:13:02.524034,147.1,7267,147.09,147.12,2025-12-26 15:13:02.620000-06:00,49670264113246220113422590909215346204392399096567037954
MSFT,2025-12-26T15:13:02.579153,341.21,1042,341.17,341.24,2025-12-26 15:13:02.678000-06:00,49670264113246220113422590909216555130212013863180697602
AMZN,2025-12-26T15:13:02.636911,143.88,9654,143.86,143.89,2025-12-26 15:13:02.732000-06:00,49670264113246220113422590909217764056031628492355403778
JPM,2025-12-26T15:13:02.690027,141.31,5203,141.3,141.33,2025-12-26 15:13:02.786000-06:00,49670264113246220113422590909218972981851243121530109954
AAPL,2025-12-26T15:13:02.744776,120.62,1433,120.6,120.63,2025-12-26 15:13:02.842000-06:00,49670264113246220113422590909221390833490472379879522306
GOOGL,2025-12-26T15:13:02.801635,148.26,9893,148.25,148.28,2025-12-26 15:13:02.898000-06:00,49670264113246220113422590909225017610949316267403640834
MSFT,2025-12-26T15:13:02.858640,338.91,6525,338.88,338.95,2025-12-26 15:13:02.957000-06:00,49670264113246220113422590909227435462588545525753053186
AMZN,2025-12-26T15:13:02.916531,143.66,4161,143.64,143.67,2025-12-26 15:13:03.013000-06:00,49670264113246220113422590909228644388408160154927759362
JPM,2025-12-26T15:13:02.971523,140.68,6039,140.67,140.7,2025-12-26 15:13:03.067000-06:00,49670264113246220113422590909232271165867004042451877890
AAPL,2025-12-26T15:13:03.032368,120.48,6194,120.47,120.5,2025-12-26 15:13:03.134000-06:00,49670264113246220113422590909237106869145462559150702594
GOOGL,2025-12-26T15:13:03.094238,148.02,9689,148.0,148.03,2025-12-26 15:13:03.192000-06:00,49670264113246220113422590909240733646604306446674821122
MSFT,2025-12-26T15:13:03.153188,340.64,1340,340.61,340.68,2025-12-26 15:13:03.246000-06:00,49670264113246220113422590909241942572423921075849527298
AMZN,2025-12-26T15:13:03.206095,142.38,4782,142.36,142.39,2025-12-26 15:13:03.303000-06:00,49670264113246220113422590909247987201521994221723058178
JPM,2025-12-26T15:13:03.262099,141.06,3416,141.04,141.07,2025-12-26 15:13:03.360000-06:00,49670264113246220113422590909257658608078911255120707586
AAPL,2025-12-26T15:13:03.318434,120.91,3233,120.9,120.92,2025-12-26 15:13:03.413000-06:00,49670264113246220113422590909261285385537755142644826114
GOOGL,2025-12-26T15:13:03.370450,149.14,2559,149.13,149.16,2025-12-26 15:13:03.470000-06:00,49670264113246220113422590909263703237176984400994238466
MSFT,2025-12-26T15:13:03.428674,340.03,9476,339.99,340.06,2025-12-26 15:13:03.524000-06:00,49670264113246220113422590909264912162996599030168944642
AMZN,2025-12-26T15:13:03.487900,141.53,8641,141.52,141.55,2025-12-26 15:13:03.584000-06:00,49670264113246220113422590909268538940455442917693063170
JPM,2025-12-26T15:13:03.544634,142.3,7698,142.28,142.31,2025-12-26 15:13:03.642000-06:00,49670264113246220113422590909273374643733901434391887874
AAPL,2025-12-26T15:13:03.602979,120.84,2325,120.83,120.85,2025-12-26 15:13:03.700000-06:00,49670264113246220113422590909292717456847735501187186690
GOOGL,2025-12-26T15:13:03.659038,150.08,5312,150.07,150.1,2025-12-26 15:13:03.755000-06:00,49670264113246220113422590909296344234306579388711305218
MSFT,2025-12-26T15:13:03.714450,336.76,8499,336.72,336.79,2025-12-26 15:13:03.810000-06:00,49670264113246220113422590909298762085945808647060717570
AMZN,2025-12-26T15:13:03.769458,140.25,1385,140.23,140.26,2025-12-26 15:13:03.864000-06:00,49670264113246220113422590909301179937585037905410129922
JPM,2025-12-26T15:13:03.823881,141.98,3085,141.96,141.99,2025-12-26 15:13:03.921000-06:00,49670264113246220113422590909302388863404652534584836098
AAPL,2025-12-26T15:13:03.880109,119.92,2160,119.91,119.93,2025-12-26 15:13:03.982000-06:00,49670264113246220113422590909306015640863496422108954626
GOOGL,2025-12-26T15:13:03.941732,150.68,5154,150.67,150.7,2025-12-26 15:13:04.037000-06:00,49670264113246220113422590909307224566683111051283660802
MSFT,2025-12-26T15:13:03.996527,335.71,3371,335.68,335.75,2025-12-26 15:13:04.093000-06:00,49670264113246220113422590909316895973240028153400786946
AMZN,2025-12-26T15:13:04.058515,140.94,4975,140.92,140.95,2025-12-26 15:13:04.154000-06:00,49670264113246220113422590909319313824879257411750199298
JPM,2025-12-26T15:13:04.113396,142.68,5771,142.66,142.69,2025-12-26 15:13:04.210000-06:00,49670264113246220113422590909325358453977330557623730178
AAPL,2025-12-26T15:13:04.169372,120.74,4726,120.73,120.75,2025-12-26 15:13:04.265000-06:00,49670264113246220113422590909330194157255789074322554882
GOOGL,2025-12-26T15:13:04.225227,149.91,6039,149.89,149.92,2025-12-26 15:13:04.321000-06:00,49670264113246220113422590909331403083075403703497261058
MSFT,2025-12-26T15:13:04.280231,332.65,4833,332.61,332.68,2025-12-26 15:13:04.376000-06:00,49670264113246220113422590909332612008895018332671967234
AMZN,2025-12-26T15:13:04.336097,140.47,8294,140.46,140.49,2025-12-26 15:13:04.432000-06:00,49670264113246220113422590909333820934714632961846673410
JPM,2025-12-26T15:13:04.392747,144.04,8060,144.02,144.05,2025-12-26 15:13:04.497000-06:00,49670264113246220113422590909341074489632320736894910466
AAPL,2025-12-26T15:13:04.455509,121.25,7489,121.23,121.26,2025-12-26 15:13:04.558000-06:00,49670264113246220113422590909342283415451935366069616642
GOOGL,2025-12-26T15:13:04.517127,150.67,9980,150.66,150.69,2025-12-26 15:13:04.625000-06:00,49670264113246220113422590909343492341271549995244322818
MSFT,2025-12-26T15:13:04.585063,333.59,2344,333.56,333.62,2025-12-26 15:13:04.681000-06:00,49670264113246220113422590909344701267091164624419028994
AMZN,2025-12-26T15:13:04.638903,140.75,8121,140.73,140.76,2025-12-26 15:13:04.735000-06:00,49670264113246220113422590909345910192910779253593735170
JPM,2025-12-26T15:13:04.694797,143.68,7551,143.67,143.7,2025-12-26 15:13:05.023000-06:00,49670264113246220113422590909349536970369623141117853698
AAPL,2025-12-26T15:13:04.983860,121.61,8739,121.6,121.62,2025-12-26 15:13:05.084000-06:00,49670264113246220113422590909351954822008852399467266050
GOOGL,2025-12-26T15:13:05.047616,151.24,6337,151.22,151.26,2025-12-26 15:13:05.145000-06:00,49670264113246220113422590909356790525287310916166090754
MSFT,2025-12-26T15:13:05.104499,331.46,3770,331.42,331.49,2025-12-26 15:13:05.203000-06:00,49670264113246220113422590909364044080204998691214327810
AMZN,2025-12-26T15:13:05.162597,140.16,2122,140.14,140.17,2025-12-26 15:13:05.262000-06:00,49670264113246220113422590909370088709303071837087858690
JPM,2025-12-26T15:13:05.250465,142.25,2910,142.23,142.26,2025-12-26 15:13:05.348000-06:00,49670264113246220113422590909374924412581530353786683394
AAPL,2025-12-26T15:13:05.308319,120.8,2347,120.79,120.81,2025-12-26 15:13:05.404000-06:00,49670264113246220113422590909379760115859988870485508098
GOOGL,2025-12-26T15:13:05.367347,152.35,5593,152.34,152.37,2025-12-26 15:13:05.463000-06:00,49670264113246220113422590909380969041679603499660214274
MSFT,2025-12-26T15:13:05.421916,334.53,3101,334.49,334.56,2025-12-26 15:13:05.519000-06:00,49670264113246220113422590909385804744958062016359038978
AMZN,2025-12-26T15:13:05.477833,140.14,7643,140.13,140.16,2025-12-26 15:13:05.577000-06:00,49670264113246220113422590909391849374056135230952046594
JPM,2025-12-26T15:13:05.535743,143.64,4050,143.63,143.66,2025-12-26 15:13:05.632000-06:00,49670264113246220113422590909395476151514979118476165122
AAPL,2025-12-26T15:13:05.591658,119.77,5901,119.76,119.78,2025-12-26 15:13:05.687000-06:00,49670264113246220113422590909396685077334593747650871298
GOOGL,2025-12-26T15:13:05.646203,151.87,8022,151.86,151.89,2025-12-26 15:13:05.742000-06:00,49670264113246220113422590909399102928973823006000283650
MSFT,2025-12-26T15:13:05.700162,336.1,6886,336.07,336.13,2025-12-26 15:13:05.798000-06:00,49670264113246220113422590909400311854793437635174989826
AMZN,2025-12-26T15:13:05.758159,140.31,4032,140.29,140.32,2025-12-26 15:13:05.854000-06:00,49670264113246220113422590909407565409711125410223226882
JPM,2025-12-26T15:13:05.819875,143.87,2783,143.85,143.88,2025-12-26 15:13:05.918000-06:00,49670264113246220113422590909412401112989583926922051586
AAPL,2025-12-26T15:13:05.877985,120.4,3614,120.39,120.41,2025-12-26 15:13:05.974000-06:00,49670264113246220113422590909416027890448427814446170114
GOOGL,2025-12-26T15:13:05.934811,153.38,6938,153.36,153.39,2025-12-26 15:13:06.038000-06:00,49670264113246220113422590909417236816268042443620876290
MSFT,2025-12-26T15:13:05.996628,334.44,5813,334.4,334.47,2025-12-26 15:13:06.092000-06:00,49670264113246220113422590909423281445366115589494407170
AMZN,2025-12-26T15:13:06.052778,139.49,8962,139.48,139.51,2025-12-26 15:13:06.151000-06:00,49670264113246220113422590909425699297005344847843819522
JPM,2025-12-26T15:13:06.109727,143.66,6112,143.64,143.67,2025-12-26 15:13:06.203000-06:00,49670264113246220113422590909428117148644574106193231874
AAPL,2025-12-26T15:13:06.161798,120.35,1708,120.34,120.37,2025-12-26 15:13:06.258000-06:00,49670264113246220113422590909430535000283803364542644226
GOOGL,2025-12-26T15:13:06.219922,152.04,3769,152.03,152.06,2025-12-26 15:13:06.315000-06:00,49670264113246220113422590909431743926103417993717350402
MSFT,2025-12-26T15:13:06.274635,336.1,2667,336.07,336.14,2025-12-26 15:13:06.370000-06:00,49670264113246220113422590909434161777742647252066762754
AMZN,2025-12-26T15:13:06.328986,140.3,2473,140.29,140.31,2025-12-26 15:13:06.426000-06:00,49670264113246220113422590909437788555201491139590881282
JPM,2025-12-26T15:13:06.385569,142.25,3869,142.24,142.27,2025-12-26 15:13:06.480000-06:00,49670264113246220113422590909447459961758408172988530690
AAPL,2025-12-26T15:13:06.439410,120.96,7402,120.94,120.97,2025-12-26 15:13:06.539000-06:00,49670264113246220113422590909451086739217252060512649218
GOOGL,2025-12-26T15:13:06.498568,151.75,6914,151.74,151.77,2025-12-26 15:13:06.600000-06:00,49670264113246220113422590909452295665036866827126308866
MSFT,2025-12-26T15:13:06.559133,337.26,8880,337.22,337.29,2025-12-26 15:13:06.655000-06:00,49670264113246220113422590909454713516676096085475721218
AMZN,2025-12-26T15:13:06.613194,140.79,2892,140.77,140.8,2025-12-26 15:13:06.715000-06:00,49670264113246220113422590909455922442495710714650427394
JPM,2025-12-26T15:13:06.674573,142.67,2847,142.65,142.68,2025-12-26 15:13:06.770000-06:00,49670264113246220113422590909472847403970315523096313858
AAPL,2025-12-26T15:13:06.731525,121.85,8538,121.84,121.87,2025-12-26 15:13:06.830000-06:00,49670264113246220113422590909475265255609544781445726210
GOOGL,2025-12-26T15:13:06.788993,153.15,6120,153.13,153.16,2025-12-26 15:13:06.884000-06:00,49670264113246220113422590909486145587986076444018081794
MSFT,2025-12-26T15:13:06.843239,336.75,3635,336.72,336.78,2025-12-26 15:13:06.939000-06:00,49670264113246220113422590909503070549460681252463968258
AMZN,2025-12-26T15:13:06.897358,140.7,2293,140.68,140.71,2025-12-26 15:13:06.992000-06:00,49670264113246220113422590909509115178558754398337499138
JPM,2025-12-26T15:13:06.950149,143.41,4605,143.4,143.43,2025-12-26 15:13:07.047000-06:00,49670264113246220113422590909517577659296056802560442370
AAPL,2025-12-26T15:13:07.006536,123.03,3599,123.01,123.04,2025-12-26 15:13:07.100000-06:00,49670264113246220113422590909528457991672588465132797954
GOOGL,2025-12-26T15:13:07.060788,154.41,2612,154.39,154.42,2025-12-26 15:13:07.155000-06:00,49670264113246220113422590909529666917492203094307504130
MSFT,2025-12-26T15:13:07.114627,339.65,7306,339.61,339.68,2025-12-26 15:13:07.212000-06:00,49670264113246220113422590909532084769131432352656916482
AMZN,2025-12-26T15:13:07.171108,140.54,9123,140.52,140.55,2025-12-26 15:13:07.268000-06:00,49670264113246220113422590909536920472409890869355741186
JPM,2025-12-26T15:13:07.226844,142.57,8946,142.55,142.58,2025-12-26 15:13:07.321000-06:00,49670264113246220113422590909539338324049120127705153538
AAPL,2025-12-26T15:13:07.282362,122.29,3566,122.27,122.3,2025-12-26 15:13:07.379000-06:00,49670264113246220113422590909541756175688349386054565890
GOOGL,2025-12-26T15:13:07.339216,153.26,8833,153.25,153.28,2025-12-26 15:13:07.433000-06:00,49670264113246220113422590909550218656425651790277509122
MSFT,2025-12-26T15:13:07.392616,339.73,3525,339.69,339.76,2025-12-26 15:13:07.487000-06:00,49670264113246220113422590909552636508064881048626921474
AMZN,2025-12-26T15:13:07.447795,140.09,4257,140.07,140.1,2025-12-26 15:13:07.544000-06:00,49670264113246220113422590909558681137162954194500452354
JPM,2025-12-26T15:13:07.501250,142.19,5027,142.17,142.2,2025-12-26 15:13:07.600000-06:00,49670264113246220113422590909559890062982568823675158530
AAPL,2025-12-26T15:13:07.559984,122.36,2173,122.35,122.38,2025-12-26 15:13:07.658000-06:00,49670264113246220113422590909562307914621798082024570882
GOOGL,2025-12-26T15:13:07.619813,153.83,9027,153.81,153.84,2025-12-26 15:13:07.716000-06:00,49670264113246220113422590909565934692080641969548689410
MSFT,2025-12-26T15:13:07.676673,337.72,2685,337.68,337.75,2025-12-26 15:13:07.774000-06:00,49670264113246220113422590909570770395359100486247514114
AMZN,2025-12-26T15:13:07.735441,139.72,5426,139.71,139.74,2025-12-26 15:13:07.836000-06:00,49670264113246220113422590909573188246998329744596926466
JPM,2025-12-26T15:13:07.795442,142.32,3127,142.3,142.33,2025-12-26 15:13:07.890000-06:00,49670264113246220113422590909576815024457173632121044994
AAPL,2025-12-26T15:13:07.849306,121.84,7202,121.83,121.85,2025-12-26 15:13:07.945000-06:00,49670264113246220113422590909584068579374861407169282050
GOOGL,2025-12-26T15:13:07.904299,152.7,4805,152.69,152.72,2025-12-26 15:13:08-06:00,49670264113246220113422590909592531060112163811392225282
MSFT,2025-12-26T15:13:07.959665,334.85,9274,334.82,334.89,2025-12-26 15:13:08.055000-06:00,49670264113246220113422590909594948911751393138461114370
AMZN,2025-12-26T15:13:08.014685,139.75,4964,139.74,139.77,2025-12-26 15:13:08.112000-06:00,49670264113246220113422590909596157837571007767635820546
JPM,2025-12-26T15:13:08.073020,143.27,1879,143.25,143.28,2025-12-26 15:13:08.177000-06:00,49670264113246220113422590909597366763390622396810526722
AAPL,2025-12-26T15:13:08.135627,121.57,8696,121.56,121.58,2025-12-26 15:13:08.235000-06:00,49670264113246220113422590909604620318308310171858763778
